1840 2731
840 119 1086 150 BUCOLICA

272 228 464 278 Quasque
485 228 596 266 vides
617 229 788 277 pulchra
810 228 914 266 fetas
935 229 1008 266 sub
1030 230 1204 278 imagine
1225 240 1365 266 vaccas

274 283 400 322 Laeta
424 283 560 322 fronte
585 284 708 330 dedit,
734 297 862 333 neque
886 286 993 322 enim
1017 284 1264 333 praesentior
1289 284 1390 321 alter

275 339 379 377 Cum
403 339 512 377 videt
537 339 688 377 illustri
712 346 913 388 pastorem
939 340 1057 377 laude
1082 340 1308 377 micantem.

274 396 409 445 Atque
430 395 529 433 alias
552 395 738 444 Augusta
759 396 878 433 boves
900 395 1012 433 dedit
1034 407 1146 441 uxor,
1172 395 1213 432 in
1236 396 1314 432 ista

276 450 389 498 Quas
405 462 513 488 nunc
531 450 700 500 Thyrsis
718 457 809 500 aget
828 452 1030 488 resonanti
1049 462 1199 499 pascua
1216 462 1351 488 cornu.

277 507 492 556 Ingenium
511 518 584 544 nec
606 512 738 554 torpet
759 508 876 552 iners,
899 506 1006 555 quod
1031 507 1161 554 Copia
1182 512 1295 543 tanta

279 561 440 600 Fundat
462 561 665 599 inauditos
687 574 812 599 cornu
834 562 1057 610 praedivite
1080 573 1244 608 census;

277 617 356 655 Sed
382 618 510 655 maius
538 618 725 666 procudit
753 629 853 666 opus
878 629 990 655 mens
1016 618 1150 655 nescia
1176 617 1286 666 turpi

280 674 469 722 Ignavire
492 674 572 710 situ
595 679 633 711 et
655 674 740 710 vita
763 673 918 722 segnire
942 673 1124 721 palustri.

280 729 504 766 Venturam
527 729 733 766 excubitor
756 729 886 766 lucem
909 730 977 765 vix
1001 730 1161 766 nuntiat
1185 728 1290 775 ales,

282 784 449 822 Excitor
474 790 512 822 et
537 784 684 833 tepidis
709 785 824 832 rapio
848 796 937 822 mea
961 796 1130 832 corpora
1155 784 1289 821 stratis

280 840 495 877 Assuetum
519 839 570 877 ad
594 839 773 878 studium
798 841 978 877 stertenti
1006 841 1158 888 gratius
1183 852 1261 877 ore.

283 896 556 944 Praegnantes
578 907 669 933 cum
691 896 798 933 laeta
820 896 929 932 sinus
955 896 1135 932 Fortuna
1157 895 1322 941 relaxat,

284 951 347 988 Ne
370 951 499 999 posito
524 951 669 988 sudore
690 963 816 988 vaceS.
878 951 954 988 Cui
979 951 1150 999 provida
1171 963 1282 988 mens
1306 957 1363 988 est

283 1007 409 1044 Haud
432 1006 580 1044 dormit
605 1007 721 1045 rebus
745 1019 817 1044 ceu
841 1007 917 1055 glis
941 1007 1130 1045 hibernus
1154 1006 1321 1054 adeptis.

286 1062 408 1100 Parta
430 1061 569 1108 fluunt,
595 1073 785 1110 praeceps
809 1074 928 1099 cursu
950 1062 1060 1100 velut
1083 1062 1194 1099 unda
1218 1063 1350 1108 citato,

285 1117 342 1154 Ni
360 1129 455 1155 cura
472 1118 657 1166 invigilet
675 1124 804 1155 totum
821 1119 1037 1167 irrequieta
1055 1129 1125 1166 per
1144 1129 1305 1155 annum.

884 1229 1068 1277 Mopsus.

342 1317 445 1355 Cum
471 1323 540 1354 tua
565 1318 721 1366 cycneis
746 1317 951 1355 albescant
977 1323 1159 1365 tempora
1184 1317 1344 1366 plumis,

284 1373 422 1410 Tanta
447 1372 644 1421 fatigatae
672 1372 829 1421 perfers
856 1373 1110 1411 incommoda
1136 1373 1267 1410 vitae?

880 1473 1080 1521 Corydon.

346 1562 532 1600 Difficilis
562 1562 714 1611 rigidos
744 1574 805 1600 res
834 1569 891 1600 est
921 1563 1092 1601 tolerare
1122 1563 1289 1609 labores,

292 1618 446 1667 Mopse,
469 1618 623 1656 homini
642 1619 791 1667 plumis
811 1619 964 1656 nutrito
986 1620 1028 1655 in
1048 1619 1262 1666 mollibus,
1288 1625 1328 1656 at
1350 1619 1418 1668 qui

292 1674 380 1711 Iam
405 1686 538 1711 rerum
563 1673 687 1723 longo
711 1674 904 1711 durarum
931 1674 1116 1712 incalluit
1143 1686 1218 1711 usu

291 1729 404 1766 Huic
423 1735 563 1767 notum
585 1736 701 1778 grata
721 1736 779 1767 est
798 1729 956 1778 pondus
977 1730 1142 1767 subiisse
1163 1730 1362 1778 voluptas.

290 1784 334 1822 Si
353 1791 508 1822 mutata
528 1784 646 1830 foret,
667 1785 815 1822 multos
836 1796 916 1822 non
936 1786 1020 1822 vita
1044 1785 1283 1822 Decembres

294 1840 485 1878 Cerneret
498 1852 508 1887 3
533 1852 656 1889 usque
677 1840 778 1878 adeo
799 1846 857 1878 est
878 1841 1041 1877 solitum
1062 1842 1226 1878 vertisse
1250 1846 1436 1878 tenorem.

294 1896 449 1933 Emisso
470 1908 628 1933 umores
648 1895 792 1933 sudore
814 1896 982 1944 expellit
1002 1896 1171 1945 iniquos,

297 1952 462 1989 Incocta
483 1958 521 1989 et
544 1951 748 1989 stomacho
771 1951 885 1988 labor
909 1951 1114 2000 improbus
1138 1952 1272 1989 omnia
1296 1951 1419 1989 crudo

296 2006 456 2056 Digerit
478 2008 519 2044 in
539 2018 761 2053 numerum,
784 2013 996 2055 partesque
1018 2007 1181 2044 resolvit
1204 2007 1244 2043 in
1266 2019 1412 2053 omnes,

297 2061 429 2099 Efficit
452 2068 489 2100 et
512 2061 651 2100 valido
671 2063 792 2099 vivax
814 2063 857 2098 in
880 2074 1046 2110 corpore
1069 2062 1202 2099 robur.

297 2118 410 2155 Hinc
435 2129 540 2155 nova
574 2117 667 2166 (nec
694 2117 840 2166 fallor)
877 2118 1049 2156 seniores
1076 2124 1208 2155 musta
1233 2118 1412 2155 bibentes

296 2174 465 2210 Rustica
487 2173 601 2221 prela
623 2172 762 2211 vident
785 2173 919 2222 plures
944 2185 1063 2222 quam
1085 2173 1241 2210 urbana
1263 2185 1334 2222 per
1357 2185 1495 2211 annos.

299 2229 392 2277 Ipse
416 2228 616 2277 ego—sed
643 2240 886 2277 quamquam
911 2229 1018 2266 vitae
1042 2228 1102 2266 bis
1129 2229 1253 2277 quina
1279 2230 1415 2278 peregi

298 2283 444 2322 Lustra
471 2296 592 2330 meae,
623 2283 723 2322 forti
752 2295 843 2333 gero
874 2295 1044 2332 corpora
1070 2283 1192 2332 plena
1219 2285 1356 2333 vigore

300 2339 355 2377 Et
378 2340 478 2376 raris
503 2345 657 2377 tentata
678 2339 820 2386 malis;
848 2345 930 2376 tam
955 2338 1080 2376 cruda
1103 2345 1282 2377 senectus

301 2395 543 2432 Praeteritae
564 2394 737 2432 ostendit
757 2406 838 2432 non
858 2395 996 2443 segnia
1017 2394 1129 2431 facta
1148 2395 1343 2432 iuventae.

298 2450 397 2488 Sum
424 2449 564 2488 forsan
590 2451 736 2487 nimius
762 2451 918 2499 proprii
943 2449 1130 2487 laudator
1157 2450 1331 2497 honoris,

1605 117 1663 154 63⁷

1588 394 1667 431 190·

1590 951 1676 987 2001

1601 1786 1683 1822 210⁴

1606 2342 1694 2377 2202
