1840 2731
826 142 1072 175 BUCOLICA

263 256 298 293 O
322 268 441 304 quam
464 255 608 301 fausta,
635 255 822 300 Niverne‚
847 254 957 291 dedit
980 254 1053 290 tibi
1076 253 1205 289 sidera
1229 263 1385 289 numen.

264 311 327 348 Ad
353 318 433 348 tam
460 311 597 348 felices
623 310 825 359 quondam
850 310 1048 347 divertere
1072 320 1243 355 campos.

842 409 999 447 Nivern
1005 421 1061 446 us.

320 500 392 537 Est
418 500 516 536 mihi
542 500 761 548 promissus
785 499 854 548 qui
880 504 939 536 tot
964 498 1162 535 miracula
1186 498 1322 534 vincit.

266 555 343 593 Ille
367 555 463 593 deus
486 556 628 592 merito
654 555 718 592 cui
743 566 837 592 rura
863 554 1084 591 Nivernica
1107 548 1287 590 subsunt

263 611 423 660 Quique
450 612 536 659 pias
565 610 692 648 Clarii
718 610 948 647 moderatur
977 610 1182 657 Apollinis
1209 609 1325 645 aedes

264 667 553 715 Pastorumque
580 678 723 715 parens
747 667 888 703 merito
918 666 1154 714 cognomine
1183 664 1323 701 fertur.

266 722 423 770 Nempe
449 722 589 759 favens
615 722 744 758 doctis
769 722 902 758 chelas
929 721 1154 769 pastoribus
1181 720 1323 766 offert:

264 778 433 826 Quaerit
459 778 508 814 ab
534 779 710 825 exceptis
735 790 815 814 non
841 778 928 825 quis
954 777 1155 813 natalibus
1183 776 1270 819 orti,

263 834 342 872 Sed
369 846 449 883 qua
473 833 657 870 doctrina
685 834 815 869 cincti.
879 832 1164 869 Numeraveris
1191 843 1328 868 omnes

265 889 525 928 Commodius
551 889 679 937 spicas
705 901 824 937 quam
849 895 944 937 quot
970 888 1019 925 de
1045 894 1149 924 sorte
1174 887 1328 924 levarit.

266 945 339 982 Nil
366 945 537 982 mortale
564 944 700 991 refert,
730 951 774 981 ut
804 943 928 981 fortia
957 950 1068 992 gesta
1096 943 1321 980 recludunt.

266 1001 366 1038 Prae
385 1002 538 1038 cunctis
558 1007 665 1037 amat
683 1001 747 1036 hic
769 999 973 1037 Christum
995 999 1145 1036 Christi
1167 1010 1323 1047 quoque
1343 1005 1501 1046 mystas

864 1100 934 1137 Fis
938 1099 999 1136 cal
1003 1100 1045 1135 is.

321 1189 356 1228 O
378 1190 479 1227 felix
499 1202 645 1227 numen
666 1197 779 1228 tanto
799 1190 971 1227 candore
992 1190 1210 1238 refulgens

266 1246 344 1283 Cui
368 1245 464 1283 data
488 1246 623 1283 divino
651 1253 741 1283 sunt
768 1258 859 1282 rura
888 1246 1106 1283 Nivernica
1134 1252 1246 1282 nutu.

845 1347 1064 1383 Α’ίῑέῖννιίωῐ

320 1435 446 1472 Hunc
471 1435 633 1472 decorat
660 1436 827 1473 celebris
855 1435 969 1472 Fabii
997 1435 1210 1483 prudentia
1241 1436 1384 1481 Marci,

268 1490 362 1528 Non
386 1490 466 1528 fuit
488 1491 696 1539 Augustus
718 1491 832 1528 donis
856 1491 1069 1528 fecundior
1093 1492 1176 1527 illo.

866 1591 935 1628 fiis
939 1592 1047 1628 calis.

320 1669 387 1706 Tu
410 1680 578 1717 propere
602 1676 759 1706 nostros
786 1669 835 1706 ad
861 1682 1008 1706 numen
1034 1670 1163 1719 dirige
1190 1682 1357 1718 gressus,

267 1723 384 1761 Illius
410 1731 455 1762 ut
480 1725 575 1761 laeti
602 1736 674 1762 nos
700 1725 937 1762 dexteritate
965 1724 1160 1762 fruamur.

845 1826 1063 1862 Nivernus.

321 1902 398 1939 Eia
420 1914 504 1951 age,
529 1914 735 1951 congerro,
760 1910 926 1951 captans
949 1904 1178 1941 veneranda
1201 1905 1334 1941 subire

265 1958 392 1995 Tecta
415 1959 528 2006 pium
550 1970 698 1996 numen
722 1958 904 1996 demulce
928 1959 1082 2007 poplite
1107 1959 1220 2005 flexo,

263 2014 399 2063 Atque
422 2013 520 2051 dato
544 2013 653 2051 dono
678 2014 889 2052 Persarum
914 2026 1023 2051 more
1050 2015 1191 2059 saluta,

267 2069 321 2107 Et
343 2076 479 2118 gratus
500 2070 618 2107 sistro
641 2069 771 2106 Panos
792 2069 999 2115 modulere
1021 2082 1176 2107 sonoro.

864 2169 899 2205 F
902 2169 1000 2206 isca]
1002 2170 1045 2206 is.

322 2259 478 2306 ‘Salve‚
504 2260 743 2308 percelebris
769 2261 968 2298 clarorum
994 2261 1099 2298 doxa
1125 2261 1302 2307 deorum,

264 2315 412 2353 Sacrae
437 2316 507 2364 qui
534 2315 655 2353 ferris
682 2316 847 2363 paediae
874 2316 992 2353 dulce
1021 2317 1214 2358 levamen,

269 2371 318 2408 In
340 2383 421 2420 quo
443 2371 687 2419 praesidium
710 2372 837 2408 virtus
860 2372 934 2408 sibi
958 2372 1068 2408 clara
1092 2372 1251 2410 locavit.

270 2427 400 2475 Exige
420 2426 630 2464 florescens
653 2426 757 2475 Pylii
779 2427 857 2463 tria
878 2427 1036 2464 saecula
1058 2428 1174 2475 regis,

252 2483 381 2532 ¹Inter
401 2489 601 2530 protectos
621 2483 690 2520 abs
710 2489 748 2520 te
768 2495 831 2520 me
851 2483 978 2520 scribe
999 2484 1162 2521 clientes
1181 2484 1205 2521 '1

1591 135 1642 173 99

1601 830 1650 868 50

1599 1905 1650 1942 60
