1840 2731
711 476 940 513 ECLOGA
977 478 1005 513 l.
1039 476 1223 512 FIDES.

414 588 516 625 Vera
538 588 639 633 fides
666 588 921 636 regimenque:
945 587 1079 635 gregis
1105 591 1330 624 reserantur
1355 586 1527 629 abunde,

498 655 631 703 Atque
654 653 861 691 Nivernus
886 655 968 690 iens
993 666 1090 691 arva
1114 654 1299 690 mmm
1324 652 1435 702 petit.

625 756 730 792 PAN.
794 756 1035 793 vannNUs.
1100 755 1307 792 Fiscixms.

917 857 1017 894 Pan.

332 936 409 972 Eia
425 947 509 984 age,
530 936 712 972 sollerter
730 947 818 972 mea
837 936 996 983 percipe
1015 947 1139 979 sensa,
1163 935 1197 970 N
1208 936 1351 971 iverne.

277 991 393 1029 Haec
410 991 508 1029 olim
524 991 720 1040 siquidem
736 1003 816 1028 non
837 998 873 1028 te
891 992 1116 1028 meminisse
1134 990 1298 1038 pigebit.

278 1047 360 1094 Qui
379 1053 493 1085 tueor
514 1053 741 1084 constanter
763 1059 855 1084 oves
876 1047 1088 1095 oviumque
1109 1047 1320 1094 magistros·

276 1103 338 1140 Te
354 1102 520 1141 doceam
537 1115 617 1152 qua
635 1103 722 1151 lege
741 1114 855 1151 regas
874 1109 1029 1139 teneras
1049 1103 1270 1138 animantes

277 1159 448 1208 Quaque
468 1159 579 1207 prius
602 1158 769 1207 pulchre
791 1158 932 1195 doctus
952 1159 1052 1195 bene
1074 1158 1206 1194 vivere
1230 1158 1365 1205 pos-sis.

333 1214 399 1251 Ad
421 1214 638 1260 Christum,
660 1214 795 1251 lumen
814 1219 1031 1262 pastorum,
1054 1214 1174 1250 ianua
1194 1214 1323 1260 prima
1343 1220 1398 1249 est

277 1270 385 1308 Vera
404 1269 513 1316 fides,
536 1282 615 1319 qua
634 1277 677 1307 tu
696 1277 803 1308 recte
822 1271 967 1307 sentire
988 1270 1133 1307 iuberis

279 1326 342 1364 De
362 1325 536 1372 Christo,
557 1338 638 1363 non
655 1338 725 1363 ore
745 1333 857 1363 tenus
878 1325 945 1362 sed
966 1332 1126 1374 pectore
1147 1332 1241 1361 toto.

279 1381 430 1419 Volvas
451 1393 563 1419 sacra
581 1393 709 1419 novae
728 1382 951 1430 veterisque
971 1380 1177 1418 volumina
1199 1381 1298 1429 legis
1312 1393 1322 1427 3

279 1437 360 1475 Illa
381 1437 503 1476 fidem
524 1437 699 1476 reddunt
721 1437 879 1474 firmam
901 1438 1142 1486 pariuntque
1166 1437 1345 1474 salutem.

278 1493 374 1532 Non
397 1500 435 1531 te
457 1500 703 1531 commoveat
725 1493 831 1531 fluxo
856 1495 911 1530 sic
933 1494 1066 1530 vivere
1087 1493 1240 1530 mundo

279 1548 530 1598 Complures,
551 1561 720 1598 usquam
739 1556 921 1587 constent
940 1550 1052 1598 quasi
1073 1561 1154 1586 non
1175 1549 1265 1586 loca
1284 1560 1435 1596 poenae

279 1605 464 1651 Tartara,
490 1616 563 1642 nec
588 1606 736 1642 sanctis
761 1605 948 1642 caelestia
974 1616 1100 1653 regna
1125 1605 1335 1652 supersint.

279 1660 452 1698 Indubie
475 1662 608 1698 veniet
632 1660 739 1709 quod
765 1660 998 1708 praedixere
1024 1660 1209 1697 futurum

281 1716 382 1754 Fata
395 1728 405 1764 3
431 1715 564 1754 Deum
584 1717 640 1753 sic
661 1723 699 1754 te
719 1728 900 1754 veracem
921 1715 1081 1753 credere
1103 1727 1176 1764 par
1198 1722 1266 1752 est.

277 1772 383 1809 Tam
399 1783 539 1809 verum
554 1771 656 1808 nihil
675 1778 732 1809 est
749 1783 869 1820 quam
887 1771 994 1820 quod
1013 1771 1150 1809 dixere
1167 1771 1386 1819 prophetae
1403 1783 1408 1810 :

282 1827 343 1865 De
368 1826 533 1866 Christo
554 1827 708 1864 dictum
732 1827 829 1876 quid
854 1827 960 1876 quod
985 1839 1065 1864 non
1090 1826 1238 1863 videris
1263 1827 1346 1875 ipse

281 1883 526 1931 impletum?
585 1882 770 1920 Christus
788 1894 926 1919 verum
945 1882 1092 1920 dixisse
1112 1888 1274 1930 putetur

280 1938 378 1976 Esse
403 1938 636 1988 gehennalis
659 1938 796 1976 dicens
821 1945 1020 1976 tormenta
1043 1938 1183 1975 ruinae

279 1994 482 2043 Claraque
503 1994 741 2042 promittens
763 1993 960 2043 fulgentis
984 1993 1132 2042 gaudia
1153 1993 1265 2030 caeli.

335 2049 413 2088 Sed
433 2061 607 2099 quanam
625 2061 698 2098 par
717 2050 767 2086 sit
785 2048 1002 2086 modereris
1021 2048 1144 2086 ovilia
1162 2049 1250 2098 lege

279 2106 441 2154 Accipe.
501 2105 594 2144 Sole
613 2117 748 2143 recens
771 2111 860 2143 orto
880 2117 950 2154 per
971 2117 1119 2153 pascua
1138 2105 1253 2142 mitte

280 2161 411 2199 Omne
433 2173 565 2210 pecu5‚
590 2161 686 2199 dum
709 2162 931 2199 constiterit
956 2162 1102 2198 tinnire
1126 2161 1317 2198 volucres.

280 2217 358 2254 Sed
378 2227 460 2255 non
479 2223 571 2255 ante
593 2229 731 2266 greges
752 2216 907 2254 clausos
928 2217 1063 2254 emitte
1084 2228 1154 2264 per
1176 2228 1273 2253 arva

280 2272 414 2320 Quam
434 2272 587 2310 fuerint
608 2273 810 2310 celebrata
830 2273 898 2320 pio
918 2271 1129 2309 sollemnia
1150 2272 1239 2308 ritu.

281 2328 487 2377 Imprimis
505 2339 694 2366 venerare
718 2327 859 2373 Deum,
883 2334 968 2365 tum
990 2327 1176 2364 faustiter
1198 2327 1297 2364 educ,

280 2384 316 2420 A
339 2383 466 2421 caulis
487 2382 671 2432 pecudes,
694 2390 739 2421 ut
762 2389 929 2431 carpant
954 2383 1137 2431 gramina
1159 2383 1292 2419 labris.

281 2439 431 2477 Verum
454 2439 614 2488 quando
638 2439 743 2475 sitim
768 2439 871 2475 Solis
897 2440 1028 2484 gravis
1053 2438 1192 2475 afferet
1216 2438 1346 2476 ardor.

1493 2498 1529 2527 91

1620 1438 1663 1471 10
