1840 2731
213 151 262 194 28
552 152 728 191 PUBLJJ
750 158 810 191 ΓΑ
821 153 933 192 USTJ
955 154 1249 192 ANDRELJ‘NJ

809 273 834 309 J
836 272 991 310 anulus.

268 349 356 386 Iam
376 349 525 398 triplex
547 351 732 388 transivit
752 351 890 398 hiems,
914 352 1010 390 dum
1031 351 1232 401 pendulus
1253 353 1336 401 ipse

210 404 289 453 Spe
308 405 423 443 fruor
442 407 604 453 incerta,
625 406 722 444 dum
739 414 858 445 vento
878 420 1021 456 pascor
1038 410 1149 446 inani
1163 420 1174 455 3

212 460 252 496 N
257 473 335 498 unc
355 463 458 498 votis
479 462 611 499 lucere
631 463 729 499 meis
748 464 953 512 nubesque
973 463 1119 512 fugare

213 517 363 565 Incipit
383 517 571 554 obscuras
594 519 705 555 caelo
727 519 786 556 sol
810 519 941 557 clarus
963 526 1113 568 aperto.

212 571 399 621 Namque
420 574 551 621 ipsum
571 575 709 622 paucis
729 574 866 611 divum
887 575 1125 614 donavimus
1145 575 1283 612 haedis

212 627 373 665 Gallica
395 630 463 677 qui
484 628 610 666 firmis
629 630 861 667 moderatur
882 631 1038 679 legibus
1061 643 1167 668 arva.

212 683 295 720 Hic
315 696 378 721 me
399 685 623 722 sordentem
643 697 781 723 mensa
801 686 991 735 dignatus
1013 688 1148 735 opima
1169 693 1227 724 est

212 739 265 776 Et
287 741 453 788 propria
475 742 621 778 servire
643 753 776 788 manu,
802 742 1042 791 conditaque
1065 749 1224 780 centum

212 795 353 832 Fercla
374 796 503 833 modis
524 797 658 844 posuit
680 797 912 846 locuiosque
935 798 1104 846 replevit
1127 800 1276 836 inanes.

212 851 328 888 Dixit
351 858 398 898 et,
426 853 433 867 ‘
452 852 487 890 O
511 859 648 900 pastor
670 865 719 890 ne
742 854 916 890 crastina
939 854 1081 891 Ianule
1103 866 1200 891 cura

210 908 271 944 Te
291 914 447 956 premat
468 907 655 946 afflictum
670 921 680 956 3
704 910 835 957 primo
856 922 946 946 cum
967 922 1056 958 xssere
1077 910 1282 948 volucrem

209 963 409 1012 Argutam
439 965 633 1012 accipies3
665 965 842 1014 magalia
870 966 1018 1002 rustica
1048 966 1184 1015 linque

211 1019 263 1056 Et
287 1026 377 1067 pete
401 1020 594 1068 neglectis
619 1027 790 1069 augusta
812 1021 966 1069 palatia
991 1021 1113 1067 silvis,

210 1074 398 1124 Namque
420 1082 534 1112 tuum
557 1077 721 1124 aspiciet
743 1077 884 1114 melior
911 1077 1091 1114 Fortuna
1113 1077 1291 1115 laborem
1308 1077 1329 1114 '.

210 1130 326 1168 Haec
348 1138 386 1168 et
408 1131 527 1179 plura
548 1144 637 1169 reor
657 1144 806 1170 numen
826 1134 980 1170 maiora
1002 1133 1202 1180 daturum,

211 1186 321 1224 Nam
342 1194 430 1224 rata
450 1188 572 1225 verba
593 1187 705 1236 facit,
729 1189 871 1226 tetrica
889 1189 959 1226 sed
981 1188 1179 1237 ponderat
1200 1201 1336 1226 omnes

209 1242 342 1280 Lance
363 1244 480 1289 viros,
505 1243 624 1290 Lolli,
648 1244 954 1293 scandendaque
977 1245 1108 1283 sidera
1128 1245 1227 1282 dicit

210 1298 397 1336 Passibus
420 1300 596 1345 alternis,
621 1306 658 1338 et
682 1306 863 1349 tempora
883 1313 1046 1338 munere
1068 1308 1220 1350 pensat.

812 1401 982 1439 Lollius.

266 1478 391 1516 Molis
412 1479 635 1516 inaccessae
659 1480 690 1516 si
713 1491 867 1516 summa
880 1480 1097 1524 ¹cacumina
1118 1479 1303 1528 prendas,

211 1533 243 1570 F
247 1546 292 1571 ac
316 1534 474 1571 clavum
497 1534 643 1584 infigas
666 1535 857 1582 validum,
884 1547 934 1573 ne
956 1548 1071 1573 versa
1094 1537 1275 1574 revolvat
1308 1563 1311 1568 -

209 1589 429 1627 Sublimem
451 1590 630 1628 Fortuna
649 1597 789 1637 rotam,
810 1603 1075 1641 prensamque
1093 1592 1233 1630 voluto
1262 1592 1460 1641 (solutoss)

211 1645 332 1683 Crine
355 1645 471 1683 deam
493 1652 649 1695 teneas3
676 1647 820 1684 sudata
841 1648 1001 1696 peculia
1022 1647 1168 1685 debent

210 1701 341 1739 Cauta
364 1708 496 1740 mente
521 1703 617 1751 regi.
680 1703 710 1739 F
714 1704 895 1740 umantia
921 1703 1097 1741 cuimina
1124 1715 1243 1741 cerno
1255 1716 1266 1752 3

208 1757 348 1794 Visam
372 1770 446 1806 ego
469 1758 652 1796 dimissas
675 1771 817 1797 saxosa
840 1760 882 1796 in
906 1771 1004 1808 rupe
1029 1760 1216 1808 capellas.

725 1915 959 1954 ECLOGA
992 1916 1074 1954 ΙΙΙ.

445 2026 601 2064 Immiti
625 2031 765 2076 raptus
790 2028 963 2074 defletur
989 2031 1115 2066 morte
1141 2028 1352 2066 Menalcas

521 2094 748 2143 Sparsaque
774 2095 938 2132 mentito
960 2095 1074 2140 sama
1093 2095 1257 2132 sinistra
1276 2107 1385 2133 sono.

675 2207 864 2244 Mopsus.
925 2206 1122 2245 LchAs.

805 2319 988 2368 Mopsus.

264 2395 390 2442 Heus,
412 2395 520 2442 heus,
545 2395 580 2434 O
605 2396 767 2445 Lycida,
790 2397 912 2434 tacito
934 2396 1030 2446 quid
1051 2397 1161 2434 solus
1181 2398 1223 2433 in
1244 2403 1361 2434 antro

209 2451 359 2488 Dulcia
376 2453 595 2489 contemnis
613 2451 708 2489 festi
725 2453 926 2489 consortia
941 2453 1048 2501 pagi,

209 2507 398 2545 Consona
419 2507 516 2545 dum
538 2507 664 2545 laetos
687 2514 841 2545 exercet
865 2507 1002 2546 fistula
1025 2508 1191 2546 cantus?

1542 1246 1592 1282 80
