1840 2731
837 111 1083 144 BUCOLICA

272 220 415 259 Africa
435 222 526 270 plus
547 234 702 270 pavone
723 223 797 260 sibi
818 223 949 271 placet
970 224 1090 260 ubere
1112 224 1287 272 glaebae,

272 276 419 314 Suavia
443 278 662 326 gaudentes
685 280 849 315 mittunt
875 290 945 315 sua
969 287 1060 316 tura
1085 279 1251 325 Sabaei:

270 333 344 370 Ast
372 333 469 370 haec
495 333 657 371 indubie
684 340 790 371 tacto
818 336 924 370 omni
953 346 1115 372 munere
1143 335 1301 383 gaudet,

273 388 432 426 Dicitur
457 389 527 425 has
553 389 603 426 ob
628 401 688 426 res
717 389 1035 426 fortunatissima
1063 390 1193 427 tellus.

272 443 386 481 Haec
407 451 476 481 tua
495 445 570 482 rite
589 445 696 482 valet
718 446 911 482 miracula
934 453 1118 489 temnere,
1145 446 1338 494 Memphi.

274 499 341 536 Illi
371 494 618 537 Francorum
645 502 758 549 regni
786 501 1056 549 pulcherrima
1084 513 1176 549 pars
1205 508 1273 545 est,

272 555 354 592 Hic
382 555 567 592 Clivense
593 556 714 593 decus
741 563 900 604 superat
927 557 1123 594 miracula
1150 557 1300 594 mundi.

270 610 310 647 Si
334 618 370 648 te
394 610 550 648 infelici
572 611 698 648 volvit
724 612 903 649 Fortuna
925 619 1069 654 rotatu,

271 667 410 715 Aequa
430 666 498 703 fac
517 674 649 704 mente
671 667 773 704 hanc
795 675 940 705 sortem
961 669 1126 716 patiaris
1149 670 1338 717 iniquam,

272 722 503 771 Magnaque
526 723 557 759 si
581 730 624 760 tu
647 724 698 759 sis
720 735 858 771 passus
881 723 1114 761 discrimina
1137 736 1280 765 rerum.

273 776 365 814 Non
389 784 521 816 tamen
545 785 601 815 est
625 778 743 815 fortis
767 785 898 815 tantos
922 779 1153 827 depromere
1177 787 1336 828 questus

273 832 357 870 Nec
383 832 574 882 fragilem
600 834 689 871 diro
714 835 838 871 vitam
866 846 1095 872 consumere
1123 835 1244 872 luctu.

271 889 523 938 Magnanimi
546 896 603 926 est
627 902 780 938 semper
803 890 913 927 duris
939 891 1127 928 obsistere
1151 891 1277 928 rebus.

848 991 1003 1028 Nivern
1011 1004 1064 1027 us.

322 1081 363 1119 Si
387 1082 451 1118 hic
476 1094 588 1128 esseS,
614 1083 731 1119 aliter
757 1082 882 1119 ferres
908 1083 1160 1120 incommoda
1184 1090 1330 1120 nostra.

270 1138 362 1174 Heu
380 1138 498 1175 nim-is
517 1145 732 1187 urgentum
751 1139 993 1187 praegrandi
1014 1139 1191 1187 pondere
1211 1151 1340 1176 rerum

267 1193 499 1242 Opprimor,
524 1200 562 1231 et
582 1194 774 1231 damnum
795 1194 910 1231 nullo
932 1195 1156 1242 reparabile
1180 1195 1307 1232 saeclo

270 1250 359 1296 Ipse
382 1249 565 1298 equidem
586 1249 705 1287 doleo
725 1262 770 1286 ac
793 1250 941 1287 crebris
962 1250 1131 1298 deploro
1152 1251 1334 1299 querelis.

859 1350 1052 1387 Francus.

322 1438 399 1475 Eia
418 1450 501 1487 age,
526 1438 721 1476 luctificos
743 1439 843 1476 educ
862 1439 911 1476 de
933 1439 1053 1476 corde
1072 1439 1254 1487 dolore53

268 1493 345 1530 Dic
371 1505 444 1542 age
470 1495 676 1542 tantisper,
704 1494 799 1531 dum
825 1501 963 1531 nostra
988 1498 1168 1532 armenta
1193 1502 1403 1543 vagantur.

846 1595 1002 1632 Nivern
1009 1609 1064 1632 us.

320 1671 387 1709 Ne
409 1684 528 1721 cogas
550 1684 650 1721 quae
674 1673 723 1709 sit
747 1685 879 1710 rerum
902 1685 984 1710 sors
1009 1673 1114 1710 ferre
1137 1685 1326 1719 mearum,

268 1728 298 1763 F
302 1739 432 1775 rance,
457 1727 589 1774 velim,
613 1740 685 1765 nec
707 1740 770 1765 me
794 1729 928 1766 iubeas
953 1741 1139 1766 revocare
1161 1729 1353 1767 dolorem.

268 1783 377 1820 Dum
401 1783 565 1832 longam
587 1783 759 1821 meditor
784 1785 924 1822 seriem
948 1786 1172 1822 meminisse
1196 1785 1407 1830 malorum,

268 1838 420 1876 Nostra
446 1839 727 1876 recrudescunt
755 1841 896 1877 maiori
924 1840 1092 1877 vulnera
1118 1841 1269 1877 morbo.

321 1894 357 1932 O
381 1901 419 1931 te
439 1907 559 1944 quam
580 1895 770 1942 faustum,
794 1897 857 1932 cui
878 1895 1015 1932 nullus
1036 1902 1196 1944 pectore
1216 1907 1383 1933 maeror.

268 1950 345 1988 Pro
369 1950 498 1997 dolor,
525 1953 726 1989 excruciat
750 1964 813 1988 me
839 1952 951 1989 Mors
977 1952 1074 1989 haec
1099 1952 1238 1990 invida
1262 1954 1408 1989 nostris

266 2007 545 2055 Temporibus,
568 2007 687 2044 solita
708 2015 764 2044 est
787 2008 993 2044 hominum
1016 2020 1117 2056 quae
1138 2020 1300 2056 parcere
1322 2008 1437 2045 nulli.

267 2062 381 2099 Haec
414 2063 520 2111 (hei)
556 2064 782 2100 commiscet
809 2064 961 2100 clarum
987 2076 1076 2100 cum
1104 2076 1279 2112 paupere
1305 2076 1438 2113 regem

268 2117 355 2155 Nec
381 2130 474 2155 sane
499 2130 739 2168 quemquam
763 2131 954 2168 magnum
981 2119 1167 2156 diadema
1191 2126 1349 2167 tuetur;

265 2174 399 2223 Atque
420 2173 461 2210 id
485 2175 695 2223 contingit,
720 2174 826 2223 quod
851 2176 901 2212 sit
928 2175 1039 2212 Mors
1061 2176 1246 2212 omnibus
1270 2187 1406 2224 aequa.

268 2229 463 2267 Mortales
485 2241 557 2267 nos
580 2231 657 2267 ista
679 2230 823 2267 docent
847 2238 1105 2268 monumenta
1129 2232 1329 2278 virorum3

267 2284 381 2322 Haec
403 2285 484 2322 telo
504 2292 664 2322 truncat
686 2285 883 2335 quidquid
908 2286 1069 2323 Natura
1091 2287 1250 2323 creavit.

266 2340 302 2378 O
326 2342 482 2378 utinam
506 2347 589 2378 tam
612 2341 702 2378 dira
727 2341 831 2379 foret
857 2341 1036 2379 demersa
1061 2343 1132 2378 sub
1157 2342 1274 2379 undis

267 2395 412 2433 Bellua
430 2396 635 2434 Tartareis
656 2403 694 2434 et
712 2397 828 2445 nigro
850 2409 1006 2435 carcere
1027 2397 1173 2443 clausa,

266 2451 357 2498 Quo
380 2453 511 2489 minus
535 2451 586 2488 ad
611 2451 742 2490 fatum
765 2453 954 2490 mortales
980 2454 1273 2501 praecipitaret.

1585 115 1650 150 lOl

1602 727 1653 761 40

1602 1675 1650 1711 50

1599 2232 1648 2268 60
