1840 2731
263 163 313 198 98
502 161 715 193 JOANNIS
737 162 976 193 ARNOLLE
985 163 1032 193 TI
1054 162 1401 194 NIVERNENSIS

264 273 347 309 Hic
367 274 563 310 concinna
582 285 725 310 novem
745 273 984 321 depromunt
1005 273 1114 311 dicta
1134 274 1308 319 Sorores,

266 329 313 364 In
334 328 465 365 medio
487 341 655 377 quarum
677 335 812 366 cantat
836 329 1026 366 Patareus
1047 329 1201 377 Apollo

267 384 607 432 Dulcisonamque
629 385 772 433 chelyn
796 384 987 422 stridente
1007 385 1163 433 pectine
1186 384 1331 432 pulsat.

863 484 1045 521 Fiscalis.

322 573 417 610 Non
440 581 522 611 tam
544 573 718 610 „ferventi
742 573 858 610 fessis
881 573 1034 619 ardore,
1061 574 1249 618 Niverne,

267 629 395 666 Grata
416 630 536 678 quies,
560 630 687 666 celsae
709 631 741 666 si
763 630 933 678 contigit
954 630 1106 666 arboris
1128 630 1280 668 umbra.

267 685 399 732 Quam
424 692 514 722 tuus
540 685 746 725 adventus,
774 685 909 732 facies,
936 698 1077 722 manus
1104 697 1251 734 oraque
1276 686 1401 722 nobis.

268 742 509 779 Communes
530 742 647 778 simul
672 754 716 778 ac
739 742 944 779 consultus
966 741 1129 790 liqueris
1152 753 1280 790 agros,

269 797 512 846 Deprompsi
536 806 696 846 questus
722 798 843 834 duros
866 804 1079 846 noctesque
1104 797 1276 846 diesque.

267 853 393 901 Saepe
410 866 520 890 meus
539 854 689 891 clamor
707 860 912 902 pastorum
932 854 1046 890 cessit
1064 853 1115 890 ad
1135 865 1260 898 aures.

268 909 371 947 Cum
394 916 433 946 te
455 909 678 958 digressum
701 921 772 957 per
796 910 915 946 silvas
939 921 1036 946 voce
1059 921 1251 946 sonarem.

269 965 373 1002 Ecce
395 966 514 1002 etiam
535 965 736 1014 praedura
757 965 842 1003 lues
865 965 1020 1002 invadit
1043 965 1171 1012 ovile3

270 1021 489 1058 Futtilibus
517 1033 609 1058 sane
637 1022 807 1058 contrivi
835 1029 990 1069 tempus
1020 1021 1161 1068 apinis‚

270 1077 399 1114 Nulla
423 1077 558 1114 labore
581 1089 667 1114 meo
693 1084 776 1114 tum
801 1076 1009 1113 commoda
1035 1077 1159 1125 digna
1183 1076 1306 1113 fuere.

270 1133 682 1181 Proptereafmaestus
707 1140 744 1170 te
767 1140 903 1181 terque
927 1139 1144 1181 quaterque
1168 1133 1308 1169 vocavi

271 1189 455 1228 Felicem.
482 1190 635 1226 miseris
660 1189 800 1237 procul
828 1189 888 1226 his
913 1189 981 1237 qui
1007 1188 1188 1225 cladibus
1215 1199 1326 1225 esses

269 1245 324 1282 At
349 1246 508 1293 gravior
532 1245 580 1282 de
603 1252 641 1282 te
665 1252 825 1293 questus
848 1245 947 1280 mihi
970 1244 1074 1281 mole
1096 1244 1306 1281 malorum.

270 1301 528 1349 Quapropter
552 1302 694 1338 misere
721 1312 932 1337 concussus
959 1306 1063 1337 sorte
1090 1301 1251 1337 sinistra

271 1357 437 1405 Oppida
463 1356 711 1406 frugiferum
738 1363 916 1404 spectare
946 1356 1167 1393 Nivernica
1192 1355 1300 1392 duxi.

272 1413 335 1449 En
366 1420 404 1450 te
434 1413 628 1450 convenio
659 1419 790 1449 trusus
822 1412 966 1449 tellure
996 1412 1185 1460 marique.

272 1469 385 1506 Istud
415 1480 530 1516 saepe
557 1469 708 1505 malum
735 1469 889 1505 monuit
918 1480 990 1504 nos
1018 1474 1110 1504 ante
1136 1479 1274 1504 cavere

272 1525 476 1561 Fatidicus
497 1537 649 1571 corvus,
672 1525 702 1560 si
723 1536 832 1560 mens
854 1536 932 1560 non
954 1524 1068 1560 laeva
1088 1523 1240 1560 fuisset.

850 1624 1069 1661 Nivernus.

330 1716 412 1752 Ista
435 1716 508 1751 tibi
530 1715 683 1752 dudum
707 1714 792 1751 dixi
816 1715 1025 1762 praesagia
1048 1725 1150 1758 rure⁷

273 1772 376 1809 Cum
400 1771 556 1819 pridem
581 1782 762 1808 canerem
788 1770 896 1806 tenui
921 1769 1141 1806 dictamina
1165 1768 1307 1805 culmo.

871 1869 1052 1906 Fiscalis.

329 1951 463 1987 Hasce
489 1957 575 1988 tuas
601 1949 737 1986 crebro
761 1949 923 1985 memini
948 1955 985 1985 te
1011 1947 1118 1984 ferre
1142 1947 1333 1995 loquelas.

275 2007 498 2043 Praesentis
524 2006 651 2042 Panos
677 2017 753 2042 vox
780 2005 876 2041 haec
903 2004 1118 2040 increbruit
1145 2003 1252 2039 auri:

274 2064 280 2077 ¹
302 2063 452 2107 Pastor,
480 2061 529 2097 ad
556 2061 731 2097 illustres
765 2062 834 2105 (ne
860 2060 1004 2106 cesses)
1040 2058 1157 2095 tende
1186 2058 1409 2095 Nivernos:

272 2119 332 2155 Te
355 2118 452 2154 deus
474 2118 639 2165 aspiciet
662 2128 847 2164 praesens
873 2117 1111 2163 inopemque
1135 2113 1307 2150 levabit.'

275 2174 384 2220 Quas
403 2173 453 2210 ob
474 2185 534 2209 res
555 2174 673 2209 istaec
694 2173 815 2208 tacita
835 2171 929 2207 dum
950 2178 1081 2207 mente
1100 2169 1262 2206 revolvi.

275 2229 398 2266 Clara
423 2229 696 2265 Nivernorum
719 2228 875 2264 decrevi
901 2233 1004 2263 tecta
1030 2226 1171 2262 subire.

276 2285 424 2321 Molior
446 2286 529 2332 ipse
550 2285 666 2329 viam,
690 2295 829 2331 supero
854 2282 1080 2330 vallemque
1100 2282 1339 2329 iugumque:

273 2341 405 2378 Offert
430 2353 469 2377 se
493 2339 654 2377 tandem
678 2339 885 2387 praeclara
911 2338 1107 2374 Nivernia
1130 2337 1254 2372 nobis.

276 2397 401 2433 Porro
421 2396 603 2444 pergenti
625 2396 790 2431 subsunt
811 2394 909 2430 mihi
931 2393 1099 2441 pinguia
1120 2399 1258 2440 prata;

277 2453 368 2489 Illic
394 2458 605 2489 occurrunt
632 2462 758 2499 agnae
784 2462 853 2498 per
878 2461 971 2486 rura
996 2455 1198 2496 vagantes,

278 2509 358 2544 Hic
384 2519 502 2555 pecus
529 2507 704 2544 admiror
730 2506 844 2542 nullo
871 2504 1032 2541 custode
1060 2505 1195 2541 teneri.

1601 385 1650 421 10

1603 1077 1652 1111 20

1603 2446 1654 2481 40
