1840 2731
894 129 1141 162 BUCOLICA

328 240 473 278 Dicere
496 240 616 289 plura
639 240 746 287 libet,
772 252 922 289 magno
945 241 1012 278 sed
1036 247 1133 278 nata
1157 240 1337 278 Tonanti

326 295 542 345 Progenies
569 296 651 333 alia
678 297 758 333 iam
785 296 865 333 iam
892 296 1142 333 modulanda
1171 296 1302 333 cicuta

327 351 543 388 Materiam
568 351 732 400 praebet
758 352 873 389 laetis
900 352 1156 389 concentibus
1184 358 1330 400 aptam.

328 406 401 444 Est
425 407 579 456 aliquid
604 407 756 445 dextris
779 406 1023 445 descendens
1048 419 1164 445 omen
1188 407 1238 444 ab
1263 408 1390 444 astris.

917 506 1118 555 Corydon.

382 596 504 633 Irrita
526 597 568 634 ni
593 608 738 633 vanam
763 596 914 634 fallant
939 598 1150 646 praesagia
1174 602 1358 642 mentem,

324 651 498 689 Accedet
525 653 654 689 maior
680 653 913 690 meritorum
942 664 1096 690 summa
1125 659 1297 698 tuorum,

326 707 380 744 Et
402 707 562 745 demum
586 707 771 756 gradiens
794 706 945 745 donata
964 709 1006 745 in
1029 708 1180 756 templa
1203 708 1387 745 sacerdos

326 763 500 811 Mystica
522 774 637 800 sacra
661 762 767 801 feres
781 775 791 811 3
819 769 926 801 totus
951 769 1160 801 concurret
1185 763 1236 800 ad
1262 775 1386 801 unum

325 818 459 867 Pagus
482 818 728 865 adorantem,
753 830 881 868 neque
904 819 1010 856 enim
1032 825 1071 856 te
1096 820 1246 868 gratior
1271 820 1383 856 alter.

952 918 1076 956 Iolas.

380 1008 466 1045 Iam
490 1013 678 1046 contenta
698 1014 862 1046 manent
886 1014 992 1046 certo
1017 1009 1261 1056 patrimonia
1284 1007 1362 1045 fine

324 1063 522 1101 Munifico
547 1075 734 1101 concessa
757 1063 832 1101 deo
845 1076 856 1111 3
883 1075 990 1101 nova
1014 1063 1148 1101 taedia
1174 1064 1306 1113 gignit

323 1119 419 1156 Heu
444 1120 613 1157 nimium
638 1119 803 1169 linguae
828 1131 907 1157 vox
932 1120 1164 1167 importuna
1190 1120 1381 1167 procacis.

325 1175 443 1212 Muta
467 1175 561 1212 licet
586 1174 751 1221 fuerint,
778 1176 881 1212 servi
904 1174 1118 1212 benefacta
1144 1175 1303 1223 probati

324 1231 507 1268 Maxima
522 1242 702 1280 quaeque
719 1236 861 1279 petunt
873 1242 885 1278 3
904 1231 1005 1268 bene
1021 1231 1157 1279 agenti
1174 1242 1367 1279 prospera
1385 1231 1526 1279 cuique

322 1286 473 1323 Omnia
496 1286 714 1324 succedunt
737 1286 863 1324 nullis
887 1292 1047 1334 sperata
1071 1285 1221 1323 diebus.

840 1465 1075 1505 ECLOGA
1107 1467 1182 1504 XI.

510 1577 620 1625 Quid
640 1577 753 1626 fugis
777 1589 799 1614 0
824 1577 967 1616 Gallas
988 1577 1155 1627 paedico
1177 1578 1308 1615 Balbe
1328 1576 1522 1623 favillas?

581 1644 744 1682 Gallica
760 1645 869 1694 quod
885 1650 1069 1694 nequeat,
1085 1645 1250 1691 flamma
1267 1645 1465 1682 Britanna
1482 1644 1605 1681 dabit.

785 1744 983 1783 LYCIDAs.
1045 1745 1234 1783 Mopsus.

917 1844 1102 1892 Lycidas.

375 1935 455 1972 Vix
483 1934 601 1984 fugat
630 1936 810 1972 exoriens
839 1935 993 1984 gelidas
1021 1936 1181 1972 Aurora
1208 1935 1402 1981 tenebras,

319 1991 386 2028 Tu
407 1997 540 2028 tamen
561 1991 714 2040 irrigua
732 1990 931 2028 meditans
953 1992 1141 2039 spatiaris
1162 1991 1203 2027 in
1225 1991 1359 2037 herba,

322 2047 476 2095 Mopse,
501 2047 692 2095 pruinoso
715 2058 788 2084 nec
812 2047 968 2084 lubrica
991 2053 1097 2084 terra
1121 2047 1276 2096 liquore

320 2102 468 2150 Sparsa
486 2114 560 2140 nec
581 2102 804 2151 impediunt
827 2104 985 2139 canenti
1008 2103 1191 2151 gramina
1210 2115 1308 2140 rore.

917 2202 1101 2251 Mopsus.

375 2290 414 2327 N
419 2302 497 2328 unc
517 2297 586 2328 tua
605 2303 725 2340 quam
745 2290 897 2329 fuerint
917 2292 1000 2328 veri
1019 2303 1215 2340 praesaga
1235 2291 1365 2329 futuri

320 2346 454 2383 Verba
478 2346 742 2392 revolvebam,
771 2346 933 2396 Lycida,
960 2359 1079 2396 quam
1104 2348 1306 2395 praescius
1332 2359 1459 2396 augur

321 2401 504 2439 Phoebeo
526 2402 805 2451 quodcumque
828 2413 947 2439 canas
969 2404 1148 2440 veracius
1169 2415 1249 2440 ore.

321 2456 385 2493 En
405 2457 562 2495 detecta
580 2464 690 2506 patet
709 2464 937 2495 nostrarum
957 2458 1103 2495 iniuria
1123 2469 1256 2495 rerum

1662 131 1708 168 53

1633 1010 1706 1045 130
