1840 2731
825 118 1072 151 BUCOLICA

854 230 1038 278 Lycidas.

317 320 507 368 Improba
528 332 577 357 ne
599 332 730 357 rerum
752 332 852 369 quae
874 321 925 357 sit
948 319 1116 357 fortuna
1136 331 1325 364 mearum,

262 375 415 424 Mopse,
436 382 546 424 petas
562 388 571 423 3
593 382 770 413 veterum
789 377 929 413 seriem
946 376 1171 413 meminisse
1191 375 1389 414 malorum

262 431 413 470 Nostra
432 432 671 469 recrudescit
691 433 833 469 maiori
854 432 978 480 plaga
998 431 1146 468 dolore.

855 543 1038 592 Mopsus.

314 633 379 670 An
402 640 471 671 tua
492 633 679 682 flagranti
703 634 857 670 traiecit
882 634 1034 670 viscera
1056 632 1134 670 telo

262 689 339 727 Ille
359 689 456 726 deus
473 691 577 726 curis
597 690 665 738 qui
684 689 819 726 dulcia
839 690 977 726 miscet
997 690 1142 725 amaris

263 745 434 791 Gaudia,
459 746 527 794 qui
551 751 657 782 certo
682 757 834 793 semper
857 745 994 782 domat
1019 745 1153 781 omnia
1175 744 1326 781 cornu?

854 856 1038 905 Lycidas,

316 947 420 992 Heu,
445 947 564 983 nimis
586 947 745 995 urgenti
769 947 962 995 gravioris
986 945 1162 994 pondere
1184 945 1302 981 molis

260 1002 491 1050 Opprimor,
513 1009 549 1039 et
569 1002 761 1038 damnum
780 1002 895 1038 nullo
913 1001 1137 1049 reparabile
1158 1013 1252 1038 casu

261 1058 505 1107 Conqueror,
530 1064 567 1095 et
590 1058 736 1094 crebris
760 1058 855 1094 trita
877 1063 933 1094 est
957 1057 1148 1105 spelunca
1171 1057 1353 1105 querelis.

857 1169 907 1206 M
911 1182 931 1206 ο
933 1174 1040 1218 psus.

316 1260 393 1296 Eia
415 1272 498 1308 age,
522 1271 660 1307 prome
683 1271 823 1307 graves
845 1260 925 1296 imo
947 1258 995 1295 de
1018 1265 1177 1306 pectore
1201 1270 1325 1303 curas,

262 1315 370 1352 Dum
392 1327 481 1352 mea
504 1321 723 1363 pascuntur
746 1315 871 1351 laetos
896 1320 1077 1351 armenta
1099 1326 1169 1362 per
1195 1325 1323 1362 agrae,

262 1371 371 1408 Dum
396 1371 515 1408 saltat
540 1382 775 1419 comprensa
799 1370 951 1416 cohors,
979 1370 1075 1406 dum
1100 1370 1226 1406 libera
1250 1381 1361 1406 mens
1387 1375 1455 1406 est.

855 1482 1038 1529 Lycidas.

315 1573 350 1611 O
371 1580 409 1610 te
429 1573 601 1618 felicem,
622 1580 778 1610 saturas
796 1574 859 1609 cui
879 1573 1046 1621 pinguia
1064 1571 1235 1608 reddant

262 1630 384 1666 Prata
402 1629 532 1674 boves,
556 1629 674 1666 liceat
697 1628 802 1665 festa
822 1630 885 1664 cui
906 1639 1060 1676 semper
1082 1629 1122 1663 in
1143 1627 1287 1664 umbra

262 1685 410 1722 Mollia
432 1696 590 1722 securos
612 1685 780 1721 traxisse
802 1696 872 1732 per
895 1685 979 1721 otia
1001 1683 1114 1720 soles.

857 1788 1040 1836 Mopsus.

317 1881 412 1917 Non
433 1881 564 1917 minus
585 1879 727 1916 afflicto
749 1891 917 1928 magnos
938 1879 1009 1915 sub
1032 1878 1151 1915 corde
1172 1877 1330 1915 dolores

263 1938 353 1985 Ipse
378 1948 526 1984 premo,
553 1942 824 1984 rumpuntque
848 1947 979 1972 meum
1005 1934 1175 1982 suspiria
1200 1940 1350 1982 pectus,

261 1992 338 2030 Sed
363 1993 471 2029 tenui
495 1993 626 2030 tristes
650 1991 826 2028 solamur
849 1990 1045 2028 arundine
1068 2001 1192 2027 casus.

260 2049 451 2085 Versibus
473 2048 637 2085 alternis
660 2054 793 2084 tamen
815 2053 923 2084 astra
944 2046 1095 2083 infesta
1116 2057 1328 2094 queramur

261 2105 510 2153 Aversosque
533 2103 627 2141 deos
650 2110 688 2140 et
713 2102 971 2140 lamentabile
995 2101 1138 2147 fatum,

262 2159 371 2196 Nam
392 2161 523 2208 gravis
545 2159 724 2197 anxietas
745 2160 858 2196 vario
879 2169 1057 2195 sermone
1078 2158 1246 2194 levatur.

855 2258 1039 2306 Lycidas.

318 2351 534 2399 Postquam
557 2350 681 2399 igitur
704 2355 838 2386 tantus
863 2355 1019 2386 nostros
1042 2348 1182 2385 audire
1204 2347 1361 2384 dolores

261 2406 396 2443 Ardor
415 2407 528 2452 inest,
548 2406 724 2454 sociique
745 2406 883 2442 iuvant
904 2405 1142 2442 commercia
1160 2404 1304 2455 luctus?

261 2462 378 2504 Haec
401 2473 535 2518 preme
559 2462 731 2503 muscosi
757 2462 894 2502 nativa
920 2460 1062 2508 sedilia
1087 2460 1183 2502 saxi,

1591 117 1638 155 29

1597 945 1643 980 10

1594 1933 1643 1969 20
