1840 2731
847 116 1093 149 BUFOLICA

281 227 553 277 Admotasque
576 240 718 265 manus
743 227 918 275 lambat3
947 229 1098 265 cervice
1123 227 1268 264 nitenti

281 283 415 321 Aurea
439 283 509 321 dat
534 284 707 331 crepitus
733 283 963 332 dependens
987 283 1101 320 bulla
1127 294 1291 320 sonoros

282 338 567 388 Caelatamque
592 351 731 388 gerens
755 339 871 376 molli
895 339 965 376 sub
991 339 1165 387 imagine
1189 337 1418 387 nympham.

283 395 497 432 Munditiis
522 396 660 432 innata
683 395 792 443 viget
805 407 815 442 5
843 406 914 443 per
937 394 1106 431 vulnera
1128 394 1241 431 mille

280 450 500 499 Oppeteret
528 452 672 499 potius,
700 451 867 487 maculis
895 462 1015 499 quam
1042 449 1200 487 sordeat
1228 450 1335 486 atris.

282 506 467 543 Frivolus
490 506 555 543 hic
578 507 690 543 labor
714 512 794 553 est3
821 506 942 543 viridi
965 506 1061 542 (lum
1085 506 1264 554 gramine
1288 510 1404 554 gutta

281 562 487 599 Matutina
513 563 624 608 nitet,
655 561 831 599 fecunda
858 563 900 598 in
927 573 1085 610 pascua,
1118 561 1281 607 France,

282 618 372 654 Duc
396 617 533 654 avidas
558 618 691 666 potius
716 617 888 666 pecudes
913 618 1153 666 comitesque
1181 616 1391 653 Molossos.

282 673 521 710 Fructiferis
549 673 753 722 operanda
780 673 910 710 modis
936 673 1116 710 studiosa
1145 674 1306 710 iuventa
1335 679 1391 710 est

279 729 501 766 Sedulitate
527 741 646 775 mera,
677 731 786 766 senio
812 741 872 775 ne,
904 729 935 765 F
939 741 1068 775 rance,
1097 730 1282 766 trementi

280 785 375 822 Heu
398 786 448 821 sis
472 786 593 822 vicini
616 797 740 822 vanus
764 791 964 833 spectator
988 786 1130 822 acervi.

871 886 1064 922 Francus.

335 975 448 1013 Utile
475 976 686 1013 consilium
713 975 883 1024 profers,
912 988 984 1013 nec
1012 982 1150 1013 sancta
1175 987 1312 1012 recuso

280 1032 434 1069 Maturi
451 1031 691 1069 documenta
709 1032 823 1077 senis,
844 1031 922 1078 sed,
946 1031 1077 1078 Galle,
1097 1031 1350 1080 probandum
1369 1036 1427 1068 est

281 1088 440 1137 Ingenii
462 1088 646 1125 iuvenilis
670 1100 770 1136 opus
792 1087 898 1137 quod
921 1094 1053 1125 mente
1076 1088 1211 1136 sagaci

279 1143 429 1181 Omnia
455 1143 688 1192 praevideat
713 1144 858 1181 baculo¹
883 1149 1051 1181 ventura
1078 1143 1204 1180 senili.

891 1243 1047 1282 Gallus.

332 1334 376 1372 Si
399 1335 508 1383 viget
533 1335 573 1370 in
599 1341 736 1372 tenera
759 1334 876 1372 velox
902 1333 1117 1382 prudentia
1140 1339 1283 1379 mente,

279 1390 362 1428 Cur
383 1391 514 1428 verbis
537 1390 704 1428 adversa
727 1390 856 1427 facis?
879 1390 1081 1439 docilique
1103 1391 1266 1427 iuventa

279 1446 362 1484 Cur
386 1453 456 1484 tua
477 1452 665 1484 venturos
690 1452 796 1484 aetas
820 1458 902 1483 non
925 1446 1086 1494 respicit
1111 1446 1263 1483 annos?

277 1503 343 1540 An
365 1502 479 1540 dabit
501 1503 574 1540 iste
597 1509 688 1540 tuus
711 1508 794 1539 tam
817 1502 932 1551 larga
954 1502 1120 1539 obsonia
1142 1501 1314 1547 damma,

279 1558 343 1596 Ne
363 1559 495 1607 gregis
513 1558 673 1596 errandi
692 1564 730 1596 te
747 1570 843 1595 cura
861 1557 1085 1595 remordeat
1104 1558 1216 1595 ulla?

870 1670 1063 1707 Francus.

331 1761 374 1799 Si
398 1761 512 1799 labor
536 1767 634 1799 esset
660 1762 776 1807 iners,
803 1761 930 1798 sterili
954 1761 987 1798 si
1011 1761 1107 1798 litus
1131 1766 1287 1797 aratum

276 1818 458 1864 Vomere,
480 1818 513 1854 si
533 1818 669 1866 vigilis
689 1824 926 1865 consumpta
946 1818 1126 1865 impensa
1147 1816 1344 1862 lucernae,

277 1873 394 1911 Esset
418 1874 501 1911 ovis
526 1873 727 1922 pascenda
749 1873 848 1910 mihi
862 1885 872 1921 5
899 1873 1052 1910 maiora
1077 1884 1231 1910 recessu

277 1929 452 1967 Utiliore
473 1929 603 1967 feram
624 1930 755 1978 prima
775 1941 895 1978 quam
914 1928 1124 1966 commoda
1145 1927 1291 1965 fronte.

278 1985 366 2023 Nec
386 1997 474 2033 spes
496 1984 629 2023 fracta
650 1984 774 2031 cadet,
798 1986 840 2021 ni
861 1996 971 2022 mens
992 1996 1188 2033 praesaga
1207 1984 1403 2021 bonorum

277 2040 336 2078 Sit
359 2040 466 2079 falsa
486 2040 654 2090 decepta
675 2040 755 2078 fide
775 2041 957 2090 votisque
978 2040 1159 2078 sinistris.

887 2151 1044 2190 Gallus.

331 2243 457 2281 Haud
476 2249 589 2281 motu
609 2242 808 2281 credenda
828 2242 906 2280 levi
926 2248 994 2290 est,
1017 2242 1094 2278 nisi
1116 2253 1235 2279 causa
1254 2241 1448 2290 liquescat

277 2299 388 2336 Nota
410 2300 521 2347 prius
534 2311 544 2347 3
570 2299 694 2336 dubia
715 2298 914 2347 dependet
936 2304 1040 2336 sorte
1064 2297 1259 2335 futurum.

276 2355 392 2392 Votis
413 2367 529 2403 saepe
548 2356 629 2392 suis
651 2361 688 2392 et
711 2361 889 2403 tempore
910 2353 1073 2391 fallitur
1095 2354 1181 2402 ipso

277 2410 454 2449 Credula
474 2422 586 2449 mens
607 2410 815 2448 hominum
828 2422 839 2458 3
866 2409 934 2448 sed
957 2411 990 2447 si
1013 2409 1180 2446 fortuna
1202 2407 1390 2446 secundet

277 2466 439 2515 Optatis
463 2473 632 2504 ventura
658 2468 747 2513 tuis,
776 2465 950 2515 gaudere
974 2477 1131 2503 necesse
1158 2470 1226 2502 est.

1608 117 1657 152 41

1617 338 1661 373 lO

1612 1031 1661 1067 20

1609 1871 1658 1907 30
