1840 2731
225 151 295 185 104
454 149 668 181 JOANNJS
690 151 718 181 A
727 151 929 182 RNOLLE
938 152 985 181 TI
1007 151 1353 183 NJVERNEA'SJS

810 262 1003 298 Francus.

274 352 482 398 Perplacet
506 352 602 389 haec
624 353 757 399 sedes3
783 354 813 389 si
838 365 942 390 nunc
965 355 1082 397 iuvet,
1106 355 1243 401 occipe
1268 353 1358 391 fari.

798 463 954 501 Nivern
962 477 1015 500 us.

274 552 369 589 Heu
396 550 483 597 heu,
514 552 610 589 dum
637 553 756 590 volvo
786 553 944 591 facinus
973 554 1230 592 lacrimabile.
1262 554 1411 591 obortis

220 607 388 645 Parcere
410 619 491 644 non
514 620 676 656 possum
700 609 875 645 lacrimis
898 621 969 646 nec
994 610 1129 646 sistere
1153 609 1277 646 fletus.

221 663 313 711 Ipse
338 675 409 712 ego
436 670 632 701 nostrates
659 676 775 712 agros
803 666 843 700 in
870 676 966 712 pace
994 665 1173 701 colebam

221 718 501 767 Curabamque
528 731 665 768 greges
691 721 871 768 pingues
900 728 937 757 et
964 720 1123 757 sedibus
1149 721 1257 757 hisce

221 774 398 812 Cottidie
418 775 631 811 mulctram
653 776 901 823 complebam
925 776 1027 813 lacte
1048 777 1207 813 recenti.

222 829 369 867 Noster
394 831 597 878 primaevo
623 838 758 879 pastor
784 838 867 868 tum
892 831 987 868 flore
1010 832 1173 869 nitebat.

222 886 304 922 Hic
328 886 526 923 Clivensis
550 894 633 923 erat
660 886 815 931 Carlus,
840 887 888 924 de
912 888 1105 936 sanguine
1129 889 1233 936 regis

223 941 436 978 Gallorum
462 949 615 989 cretus3
644 943 747 979 nulli
775 943 955 980 sollertia
979 944 1116 980 maior.

220 998 295 1034 Ast
321 998 485 1034 horrens
512 998 629 1034 vultu
657 999 781 1043 Mors,
809 1011 909 1046 quae
935 1006 1042 1036 secat
1069 1000 1213 1037 omnia.
1241 1011 1389 1047 magno

224 1053 292 1089 Illi
318 1055 469 1101 pastori
495 1054 638 1090 vitales
664 1054 830 1090 abstulit
857 1066 984 1090 auras.

223 1108 358 1146 Huius
379 1110 418 1145 in
441 1110 623 1146 acerbam
644 1117 813 1146 mortem
834 1111 953 1146 istaec
976 1111 1154 1146 carmina
1174 1112 1374 1158 prompsi:

223 1165 230 1179 ‘
251 1165 456 1213 Insignem
480 1166 627 1213 pietate
651 1166 781 1201 virum
807 1166 943 1214 lugeto
966 1172 1126 1202 caterva

225 1220 458 1267 Pastorum3
493 1233 662 1269 magnus
699 1221 896 1259 Clivensis
929 1221 1071 1258 ductor
1102 1222 1229 1259 obivit
1247 1221 1268 1258 '.

225 1276 358 1313 Huius
381 1276 429 1312 ob
453 1277 675 1313 abscessum
699 1289 818 1325 quam
841 1277 941 1314 dura
967 1277 1161 1314 Nivernia
1185 1289 1299 1325 passa
1325 1284 1392 1314 est.

816 1387 1009 1424 Francus.

279 1477 319 1514 Si
345 1477 451 1514 soret
478 1478 617 1526 Elysio
639 1478 816 1514 lacrimis
840 1478 1087 1515 revocandus
1109 1479 1158 1514 ab
1184 1478 1288 1515 orbe.

224 1533 434 1581 Aspiceres
457 1533 632 1570 lacrimis
654 1534 749 1570 haec
772 1542 909 1570 nostra
930 1535 1121 1570 scatentia
1146 1534 1295 1570 obortis

226 1588 420 1635 Lumina3
449 1589 516 1626 sed
543 1590 732 1637 quoniam
758 1589 873 1625 nulla
898 1596 954 1625 est
980 1590 1215 1626 revocabilis
1242 1596 1337 1633 arte,

226 1646 340 1689 Siste,
368 1656 519 1692 precor,
545 1644 682 1690 fletus3
710 1651 866 1681 nostros
891 1645 1007 1680 simul
1034 1645 1168 1691 accipe
1194 1656 1317 1682 casus.

807 1755 962 1791 ,Νὴ-ἔνη
970 1768 1023 1791 us.

283 1846 432 1893 Incipe,
460 1846 619 1887 France,
641 1846 750 1893 prius
770 1858 890 1893 quam
910 1846 967 1882 sol
989 1846 1161 1882 declinet
1183 1845 1370 1893 Olympo.

520 1902 523 1919 Ι

820 1956 1013 1993 Francus.

282 2046 346 2082 Ah
377 2046 554 2082 lacrimis
582 2045 842 2082 memoranda
870 2046 966 2082 meis
996 2046 1190 2093 nigroque
1222 2045 1361 2092 lapillo

232 2101 492 2150 Designanda
512 2101 607 2145 dies,
630 2113 709 2149 qua
732 2101 844 2138 Mors
865 2108 902 2137 et
923 2102 1047 2138 tristis
1071 2101 1245 2148 Erinnys

232 2158 342 2194 Inter
368 2163 547 2204 pastores
574 2158 735 2193 maioris
764 2157 935 2193 stamina
963 2157 1068 2193 vitae

230 2212 299 2249 Bis
325 2214 406 2249 seni
433 2224 599 2249 numero
624 2212 881 2260 disruperunt
910 2212 1101 2248 Lodovici

234 2268 488 2305 Francorum.
550 2268 674 2304 Cuius
701 2267 838 2304 laudes
866 2279 1035 2315 aequare
1062 2267 1264 2315 loquendo

232 2323 326 2360 Non
350 2324 436 2371 opis
460 2330 517 2360 est
539 2330 709 2368 nostrae,
735 2324 765 2359 si
791 2330 849 2359 tot
873 2330 969 2371 quot
992 2323 1138 2359 dicitur
1163 2323 1296 2370 Argus

232 2379 468 2416 Luminibus
496 2379 642 2416 vidisse
669 2379 811 2427 loquar
841 2379 1000 2426 linguis.
1063 2378 1157 2414 Pius
1185 2378 1254 2414 ille
1283 2385 1339 2414 est

231 2434 313 2481 Qui
336 2435 468 2483 gregis
489 2434 596 2471 haud
620 2434 745 2470 haesit
767 2441 934 2471 mortem
956 2445 1028 2481 pro
1052 2445 1148 2481 pace
1171 2435 1343 2481 paciscig

234 2490 352 2528 Nosti
382 2491 455 2526 rite
484 2490 600 2538 lupos
629 2497 780 2538 quanta
808 2490 954 2526 virtute
984 2489 1149 2537 fugarit.

1531 1001 1607 1037 150

1538 1846 1612 1882 160
