1840 2731
822 123 1068 155 BUCOLICA

856 234 892 271 F
894 234 992 271 iscal
995 234 1037 270 is.
1095 271 1100 275 ,

314 323 470 360 Tantae
492 324 713 361 maestitiae
737 330 897 372 questus
921 325 1007 373 quis
1031 324 1180 372 pellere
1202 325 1353 372 possit?

260 378 322 414 Ah
342 378 429 416 fera
447 378 706 427 languescens
725 385 984 427 penetrarunt
1004 379 1171 416 vulnera
1190 391 1334 428 corpus

260 434 373 480 Quae
396 446 467 471 nec
490 434 660 471 titillans
684 435 829 471 celeres
852 434 1065 482 delphinas
1090 435 1217 472 Arion

261 489 461 537 Delphica
485 502 556 527 nec
580 502 720 527 resono
744 497 929 527 sanarent
955 502 1107 539 organa
1131 497 1261 527 cantu.

261 545 355 582 Non
379 546 502 594 igitur
524 546 681 590 mirum,
706 547 738 583 si
762 552 822 583 tot
844 547 1016 594 suspiria
1039 545 1222 583 fundam.

852 646 1044 682 Francus.

314 735 436 772 Visne
462 734 608 772 cadant
635 736 749 783 parvi
775 736 979 784 surgentia
1006 736 1169 773 nomina
1194 736 1322 773 vatis?

263 791 364 827 Ecce
383 790 534 827 Thalia
552 792 638 838 pios
656 791 756 827 olim
776 791 964 828 cantabat
985 791 1166 835 honores,

260 847 333 882 Ast
357 858 402 882 ea
425 846 632 894 languenti
657 847 737 883 late
761 846 851 884 silet
875 853 964 883 acta
987 846 1136 884 dolore.

259 902 405 948 Quare,
429 914 513 950 age,
540 901 688 938 festina
712 902 842 939 luctus
865 902 1098 950 depromere
1121 914 1269 939 causas.

858 1002 993 1038 Fiscal
997 1002 1039 1038 is.

315 1093 417 1129 Cum
438 1099 550 1129 vacet
573 1099 609 1129 et
632 1093 768 1140 cupias
791 1098 946 1129 nostros
971 1092 1108 1129 audire
1130 1092 1298 1137 dolores,

264 1147 430 1184 Infandi
454 1160 591 1185 causas
613 1147 792 1185 crudeles
817 1149 952 1196 accipe
974 1148 1116 1185 luctus.

261 1204 433 1240 Venerat
459 1205 498 1239 in
523 1203 633 1241 sedes
658 1204 727 1240 has
752 1210 888 1251 pastor
911 1204 959 1240 ab
985 1204 1078 1241 orbe
1105 1203 1297 1248 Niverno,

262 1258 403 1307 Nuper
425 1260 600 1296 amicitia
620 1259 718 1295 mihi
739 1260 807 1308 qui
828 1266 996 1296 nexatus
1017 1259 1165 1305 abivit3

263 1314 436 1352 Internis
458 1316 601 1351 animis
626 1327 718 1352 sane
742 1327 814 1352 nos
838 1316 921 1363 ipse
946 1315 1112 1352 colebat.

261 1370 371 1417 Quas
395 1370 443 1407 ob
467 1382 538 1415 res,
564 1370 669 1407 hunc
693 1377 735 1407 ut
761 1371 945 1407 comitem
969 1372 1170 1407 convisere
1194 1371 1352 1418 possim,

261 1425 353 1472 Qua
373 1427 501 1474 vergit
525 1425 687 1463 Niveris
710 1427 830 1463 statui
854 1433 1083 1463 convertere
1107 1438 1273 1474 gressus

263 1481 330 1518 Me
348 1481 532 1518 dominus
551 1481 648 1518 deus
668 1482 832 1529 aspiciet
853 1489 1125 1530 maestumque
1146 1482 1304 1518 levabit.

645 1649 875 1686 ECLOGA
909 1650 991 1694 ΙΙΙ,
1025 1649 1254 1686 CHARJS.

447 1761 559 1807 Erga
586 1765 765 1809 pastores
791 1760 922 1797 charis
950 1765 1005 1797 est
1032 1759 1233 1797 celebrata
1258 1760 1455 1804 Parentis,

496 1827 530 1864 C
532 1827 620 1863 uias
640 1826 901 1864 inextinctum
924 1840 1065 1865 nomen
1087 1827 1140 1863 ad
1158 1831 1265 1863 astra
1284 1827 1405 1864 volat.

694 1926 936 1964 NIVERNUS.
1000 1927 1208 1964 FISCALIs.

840 2027 886 2063 N
888 2027 1058 2064 ivernus.

318 2117 484 2153 Fiscalis
506 2128 607 2154 anne
628 2117 750 2161 venis,
774 2122 906 2153 noster
929 2128 1123 2165 congerro
1142 2116 1339 2165 benigne?

262 2172 467 2219 Quidnam
487 2179 525 2209 te
544 2179 700 2209 nostros
722 2173 829 2221 cogit
849 2178 1057 2220 penetrare
1078 2172 1278 2209 recessus?

263 2227 456 2265 Gratulor
478 2229 665 2275 auspiciis
686 2227 764 2264 huc
784 2234 821 2264 te
841 2228 993 2264 venisse
1014 2227 1221 2274 secundis;

261 2284 474 2331 Temporis
494 2284 671 2331 auspicio
692 2283 868 2320 melioris
889 2283 1024 2320 adesse
1045 2283 1247 2331 nequibas.

264 2339 346 2375 Hic
370 2338 453 2375 Pan
476 2339 707 2387 multiiuges
730 2338 961 2375 modulatur
985 2338 1180 2375 arundine
1204 2345 1355 2384 cantus,

263 2393 385 2431 Casta
410 2394 545 2431 Diana
567 2394 709 2431 choros
731 2395 814 2442 agit
836 2394 925 2440 hic3
953 2394 1196 2431 comitantur
1218 2393 1383 2431 eandem

263 2449 406 2487 Sacrae
432 2450 612 2487 Vestales
637 2449 719 2486 alia
742 2461 831 2486 cum
857 2449 1007 2486 caelibe
1033 2449 1160 2486 turba.

1586 124 1636 162 97

1591 1094 1643 1129 40
