1840 2731
848 108 1094 147 BUCOLICA

285 217 452 272 Ignibus
472 221 660 271 hibernis,
684 225 834 262 aestiva
855 226 1006 274 gratius
1027 225 1170 263 umbra

285 279 396 316 Illud
422 280 495 317 erit
521 280 645 326 nobis,
675 286 711 318 et
738 280 863 318 odora
887 282 1046 319 suavius
1072 282 1206 319 herba.

854 381 1084 419 Faustulus.

340 457 346 473 ‘
365 458 526 496 Summe
544 458 651 505 deus,
671 465 831 497 nostrae
848 459 944 497 data
961 466 1051 497 sunt
1072 461 1135 497 cui
1154 461 1240 497 iura
1259 460 1412 506 salutis,

285 513 433 563 Indiga
457 521 674 563 paupertas
698 516 892 564 rebusque
917 517 1081 553 inimica
1106 515 1290 553 secundis

284 569 379 607 Huc
399 570 548 608 lassum
566 583 629 608 me
650 571 757 608 ferre
776 571 919 620 pedem
941 572 1120 609 Fortuna
1139 573 1280 620 coegit.

284 625 360 673 Da,
382 637 533 674 precor,
555 633 696 675 optata
714 627 767 663 da
786 629 888 664 tanti
908 628 1083 664 numinis
1103 639 1202 664 aura

286 681 404 719 Posse
429 681 512 719 frui
526 694 536 729 3
564 684 659 720 tutis
686 684 866 731 geminae
890 684 960 720 sub
985 683 1159 720 vallibus
1184 683 1272 720 alae

286 737 440 774 Infelix
465 744 595 775 tutare
618 750 750 786 pecus,
776 738 883 787 quo-d
909 739 1059 775 viribus
1083 739 1270 776 haustum

283 792 482 831 Omnibus
501 804 582 831 esse
601 794 722 831 vides.
784 794 941 831 Vacuas
962 795 993 832 si
1011 795 1133 832 missa
1151 806 1222 842 per
1242 806 1358 831 auras

283 848 416 886 Verba
438 849 588 895 volant,
613 855 703 887 usto
728 862 795 886 seu
818 850 938 887 tellus
964 850 1124 887 subdita
1149 850 1318 896 Cancro,

283 904 362 942 Seu
382 917 445 942 me
467 905 664 953 spectabit
686 905 820 943 Thule
843 917 1027 954 suprema
1048 912 1274 955 vagantem,

285 960 425 997 Donec
442 973 672 998 mansuram
690 962 807 998 liceat
824 962 923 998 mihi
941 973 1088 1010 ponere
1107 961 1250 999 sedem.

283 1016 350 1053 Ah
374 1017 496 1054 iustas
521 1016 688 1054 admitte
712 1028 848 1065 preces
874 1017 1071 1066 finemque
1097 1030 1326 1066 supremum

284 1072 365 1109 His
391 1073 551 1121 impone
577 1073 705 1109 malis.
765 1073 930 1121 Semper
957 1073 1168 1110 sollemnia
1194 1080 1289 1110 vota

286 1127 528 1174 Persolvam,
554 1140 627 1166 nec
652 1140 782 1177 pauca
805 1135 894 1166 tuas
920 1130 1002 1166 ovis
1029 1129 1178 1166 imbuet
1204 1141 1292 1166 aras
1307 1142 1317 1176 3

285 1183 339 1220 Et
356 1196 445 1221 mea
461 1185 540 1221 iam
558 1185 652 1222 trito
672 1184 900 1233 dependens
919 1184 1056 1222 fistula
1074 1185 1181 1222 collo

284 1238 448 1288 Semper
472 1240 689 1277 honoratos
712 1241 782 1277 uni
807 1241 880 1277 tibi
905 1242 1087 1278 concinet
1113 1241 1278 1289 hymnos
1297 1241 1318 1277 ⁷.

884 1341 1061 1389 Lygdus.

341 1422 547 1470 Quantum
567 1429 605 1460 et
624 1423 742 1473 quale
761 1423 890 1461 refers
908 1435 1079 1470 carmen,
1101 1423 1236 1461 divine
1256 1430 1385 1472 poeta.

286 1479 382 1527 Ipsa
403 1480 524 1517 etiam
547 1479 686 1517 audito
707 1480 915 1517 mitescent
937 1492 1138 1517 marmora
1161 1485 1293 1525 cantu,

285 1533 395 1572 Nam
412 1536 557 1583 strepis
577 1541 722 1584 arguta
740 1535 842 1572 nihil
864 1536 1083 1573 armentale
1104 1536 1245 1573 cicuta.

857 1635 1088 1673 Faustulus.

339 1713 382 1752 Si
400 1714 542 1763 loquor
561 1714 658 1751 haec
676 1714 847 1752 humiles
868 1716 1100 1763 superantia
1117 1715 1240 1752 verba
1257 1714 1439 1763 myricam,

287 1769 477 1807 Materies
500 1771 625 1807 erexit
647 1781 746 1819 opus
769 1770 947 1808 subiecta
969 1771 1187 1808 remissum.

286 1825 329 1863 Si
348 1826 486 1872 nescis,
507 1825 610 1862 nihil
631 1832 688 1863 est
708 1826 860 1863 triviali
877 1837 988 1863 more
1008 1826 1232 1864 sonandum

285 1881 392 1919 Ante
413 1893 569 1919 sacrum
591 1893 739 1919 numen
752 1893 762 1929 3
787 1882 967 1931 virgulta
988 1882 1109 1919 exilia
1130 1887 1301 1930 poscunt

286 1936 508 1975 Stridentes
534 1937 704 1986 stipulas
727 1943 764 1975 et
788 1937 1008 1986 pastoralia
1031 1938 1163 1975 verba.

287 1992 352 2030 Sic
369 2005 432 2031 me
452 1993 665 2031 Parrhasio
682 1993 819 2031 docuit
840 1993 926 2030 Pan
944 1994 1097 2042 primus
1116 1994 1156 2030 in
1177 1999 1304 2030 antro.

884 2094 1063 2142 Lygdus.

343 2183 378 2222 O
398 2183 501 2222 felix
518 2197 677 2231 numen,
696 2184 807 2222 dulci
825 2184 932 2234 quod
952 2190 1066 2222 tanta
1084 2196 1226 2222 canore

289 2240 446 2278 Fistula
468 2240 660 2278 mulcebit
685 2252 827 2289 cycnos
854 2241 1011 2278 imitata
1036 2252 1210 2278 sonoros.

289 2295 456 2345 Frigida
477 2297 558 2333 iam
579 2297 742 2333 summis
765 2295 1008 2334 descendens
1030 2297 1233 2334 montibus
1257 2308 1354 2333 aura

287 2351 424 2400 Spirat
446 2358 484 2389 et
506 2353 730 2389 accinctum
751 2351 878 2390 Latiis
899 2358 937 2389 te
958 2352 1158 2389 subtrahit
1181 2353 1299 2401 agris.

289 2407 465 2445 Felicem
487 2408 567 2445 iam
590 2419 709 2457 carpe
731 2409 838 2445 viam
860 2407 1050 2457 sedesque
1072 2408 1220 2454 beatas,

286 2463 469 2514 Fataque
491 2470 727 2512 perpetuam
749 2470 952 2512 praestent
974 2464 1143 2501 meliora
1165 2465 1349 2513 quietem.

1613 108 1660 151 25

1610 627 1664 663 60

1617 1993 1668 2030 80
