1840 2731
841 111 1088 146 BUCOLICA

278 224 411 262 Unica
432 224 538 274 quod
562 226 694 274 rapuit
717 226 847 274 patrio
871 225 1015 262 solatia
1036 224 1130 261 ruri.

278 280 373 318 Non
394 281 530 320 laurus
552 281 722 327 Phoebo,
744 293 824 318 non
846 281 931 317 illic
950 281 1050 317 baca
1072 280 1291 324 Minervae,

278 336 374 374 Non
401 336 536 374 Cereri
561 338 698 375 messis
725 337 864 386 gignit,
893 349 974 373 non
1000 337 1092 372 vitis
1122 334 1279 380 Iaccho,

277 392 479 441 Nudaque
500 393 643 430 ieiunis
664 393 900 430 dumescunt
923 404 1020 428 arva
1041 391 1204 428 colonis.

277 448 398 487 Unde
417 455 550 485 manet
571 448 643 486 tali
665 449 843 497 signatus
866 448 1041 485 carmine
1062 458 1241 494 caespes:

278 504 422 542 Orbati
443 504 661 542 extinctum
683 508 862 552 pastores
883 504 977 549 flete
997 500 1243 545 lllenalcam,

277 560 471 599 Cantibus
490 560 643 609 argutis
663 559 791 596 victus
811 559 875 597 cui
893 559 1009 597 cessit
1026 558 1166 597 aedon.

872 661 1055 709 Mopsus.

331 752 427 789 Heu
449 751 582 789 fuerat
605 757 739 788 tantus
761 750 904 787 maiori
926 756 1062 798 pastor
1085 749 1208 786 arista

278 807 462 857 Dignior.
524 808 682 844 Invicta
706 812 855 843 resecat
883 806 995 842 Mors
1022 805 1205 853 improba
1230 803 1338 840 falce

276 863 407 901 Omne
433 875 568 912 genus,
594 863 719 900 veluti
746 862 910 899 faenum
934 873 1003 910 per
1029 867 1146 909 prata
1170 865 1366 896 resectum

275 920 413 956 Tonsa
432 920 544 965 iacet,
567 918 696 956 nudos
716 924 783 955 aut
804 919 940 955 messis
962 929 1076 954 caesa
1096 928 1167 964 per
1188 927 1316 964 agros.

275 975 318 1013 Si
341 974 448 1013 foret
469 975 534 1012 hic
555 986 717 1023 superas
739 974 836 1011 ullis
856 972 1104 1011 revocandus
1126 971 1177 1009 ad
1201 982 1316 1008 auras

277 1031 467 1078 Fletibus,
490 1031 686 1079 aspiceres
705 1030 830 1067 oculis
850 1029 1057 1066 manantia
1075 1028 1222 1065 nostris

277 1087 465 1124 Flumina
478 1099 487 1133 3
513 1086 580 1124 sed
601 1087 790 1135 quoniam
810 1097 890 1122 non
912 1091 968 1122 est
990 1083 1225 1121 revocabilis
1249 1082 1342 1127 illis,

277 1143 425 1181 Desine
447 1142 566 1191 plura
588 1143 711 1192 queri,
736 1148 891 1179 nostros
915 1140 1034 1177 simul
1058 1140 1193 1188 accipe
1216 1150 1339 1176 casus.

869 1240 1053 1289 Lycidas,

332 1321 408 1358 Dic
429 1322 539 1370 prius
561 1333 609 1358 ex
630 1320 712 1357 alto
733 1332 853 1369 quarn
875 1319 934 1356 sol
956 1318 1129 1356 declinet
1154 1317 1341 1366 Olympo.

272 1409 342 1417 u.i

871 1420 1054 1468 Mopsus.

331 1513 422 1561 Ipse
447 1524 520 1560 ego
544 1511 727 1548 vivebam
754 1509 885 1547 Gallis
911 1520 1070 1546 securus
1096 1508 1138 1544 in
1163 1508 1279 1556 agris,

274 1569 452 1616 Tempus
477 1579 599 1617 agens
622 1566 851 1615 placidum3
879 1566 1010 1613 campi
1032 1576 1126 1600 nam
1149 1563 1236 1600 sola
1259 1561 1417 1599 colendi

275 1624 385 1662 Cura
409 1630 504 1669 erat,
533 1629 734 1660 austerum
761 1628 881 1659 cantu
908 1621 1062 1658 solante
1088 1620 1277 1663 laborem,

274 1681 408 1729 Atque
429 1691 537 1716 meas
561 1690 717 1715 servare
738 1678 870 1722 boves,
897 1683 933 1714 et
959 1676 1109 1713 solibus
1132 1674 1259 1711 isdem

275 1736 343 1772 Bis
362 1736 575 1772 mulctram
596 1734 790 1782 expressis
809 1738 1061 1781 spumantem
1082 1730 1249 1778 implere
1269 1728 1445 1778 papillis

275 1791 428 1829 Nostra
454 1790 641 1827 Palatino
666 1789 816 1826 donata
841 1787 1011 1836 coagula
1039 1786 1201 1823 Phoebo

276 1847 403 1885 Grata
422 1846 584 1895 quidem
603 1845 776 1890 fuerant,
798 1844 991 1892 vultuque
1013 1848 1177 1890 accepta
1197 1852 1345 1886 sereno,

275 1903 364 1941 Nec
388 1908 566 1951 spretum
590 1908 647 1939 est
671 1901 787 1938 tereti
809 1899 1046 1936 meditatum
1070 1909 1228 1934 carmen
1255 1907 1390 1933 avena.

275 1959 422 1996 Nescio
446 1959 534 2007 quis
558 1964 694 2006 pastor
718 1955 870 1993 tumido
898 1955 978 1992 fuit
1003 1954 1159 1991 advena
1183 1952 1304 1997 fastu,

274 2015 458 2053 Obscura
480 2014 529 2051 de
553 2019 669 2062 gente
693 2019 811 2057 satuS,
836 2023 954 2060 quem
976 2021 1152 2059 paupere
1175 2008 1287 2045 cultu

275 2071 447 2119 Excepit
475 2071 649 2107 coniunx
679 2074 808 2105 scorto
839 2072 1028 2116 generata
1056 2065 1190 2102 salaci.

274 2127 369 2173 Hic,
393 2127 487 2175 quia
509 2137 668 2162 carmen
691 2125 806 2172 inops
827 2123 980 2171 stipula
1000 2121 1196 2159 stridebat
1219 2120 1340 2165 inani,

276 2182 442 2220 Invidus
466 2188 504 2219 et
526 2187 664 2218 nostra
684 2190 928 2216 macrescens
951 2177 1072 2214 laude
1096 2176 1313 2224 furensque

275 2238 453 2276 Credula
473 2236 631 2275 seduxit
653 2242 858 2284 pastorum
881 2233 1003 2271 corda
1022 2233 1231 2277 malorum,

275 2294 334 2331 Ut
356 2305 446 2331 mea
469 2293 689 2342 sanguineo
712 2292 911 2328 laniarent
937 2300 1107 2337 corpora
1131 2287 1252 2324 ferro.

276 2350 371 2387 Heu
390 2349 505 2386 nullo
525 2349 721 2396 aspiceres
740 2353 823 2384 tam
843 2347 971 2394 spissa
992 2344 1193 2382 foramina
1215 2343 1346 2379 cribro

274 2405 455 2443 Vulnera
475 2411 572 2454 quot
590 2405 734 2441 misero
755 2402 935 2439 crudelia
956 2400 1075 2438 corde
1097 2399 1287 2444 tulissem,

276 2461 334 2499 Ni
355 2460 518 2509 placida
539 2460 720 2497 incensos
741 2458 939 2497 sedassem
961 2468 1057 2500 voce
1079 2454 1285 2501 tumultus

1605 105 1652 144 31

1606 385 1656 423 60

1609 1079 1656 1117 70

1606 1895 1656 1930 80

1605 2451 1656 2487 90
