1840 2731
199 149 246 186 58
536 149 713 182 PUBLII
735 149 919 182 FAUSTJ
941 149 1234 181 ANDRELINI

789 261 822 299 C
826 261 924 309 oryd
927 272 989 298 on.

250 349 412 388 Scilicet
433 356 490 387 est
512 350 626 388 salsis
648 351 712 387 cui
733 350 855 398 plena
876 351 1085 387 cucurbita
1107 350 1242 399 granis

198 406 427 455 Frigentem
452 405 503 443 ad
529 405 700 444 Boream
723 406 842 443 durat
867 406 1171 454 Zephyrumque
1195 410 1395 454 tepentem

195 462 299 500 Vere
321 473 425 500 novo
450 468 666 510 exspectat,
691 463 789 499 sorti
812 473 886 499 nec
909 461 1014 499 cedit
1038 461 1209 510 iniquae.

797 573 981 622 Mopsus.

250 663 326 701 Ast
349 675 423 712 ego
444 663 566 700 verba
587 674 753 712 sequens
777 674 902 711 pagos
924 662 1073 700 detrita
1094 673 1165 710 per
1189 673 1322 699 omnes

200 719 371 768 Frigora
395 726 480 756 tum
503 720 677 767 primum
703 718 837 767 gelido
863 719 1067 755 nascentia
1091 723 1211 755 vento

198 775 412 813 Deteriora
428 781 527 823 puto
548 775 677 812 Borea
696 786 816 823 quam
834 774 1003 812 hiberna
1022 774 1192 823 gelante.

200 831 314 869 Pello
338 832 463 880 igitur
488 831 625 868 crebro
651 831 847 879 spirantia
870 829 1034 867 flamina
1058 836 1156 878 potu

200 887 375 936 Magnos
398 893 490 924 ante
513 887 650 934 foco53
676 898 750 923 nec
773 886 883 923 abest
908 885 1087 923 formosa
1111 885 1271 922 Neaera

199 943 314 990 Quae
338 943 449 980 dulci
474 949 638 992 argutos
664 949 785 979 cantu
810 942 986 979 devincit
1012 941 1153 978 olores.

792 1053 826 1091 C
829 1052 928 1101 oryd
931 1064 993 1090 on.

255 1144 336 1191 Qui
358 1144 511 1192 primae
535 1143 703 1181 adverso
725 1142 913 1180 fortunae
936 1142 1087 1180 decidit
1108 1142 1190 1179 ictu

202 1200 290 1238 Nec
313 1206 445 1248 sperat
467 1200 636 1237 meliora
658 1199 769 1248 sequi
791 1211 872 1236 non
897 1205 1075 1246 tempore
1099 1209 1298 1247 quoquam

200 1256 420 1305 Lanigeras
446 1256 613 1304 proprio
638 1254 810 1303 pecudes
837 1254 1018 1292 includet
1045 1254 1152 1300 ovili,

200 1312 279 1350 Sed
304 1319 435 1349 custos
459 1312 614 1349 alienus
638 1312 711 1348 erit
735 1312 937 1359 vitamque
963 1322 1032 1358 per
1057 1321 1215 1347 omnem

203 1368 467 1406 Emendicato
493 1367 611 1416 deget
637 1379 707 1404 sua
732 1374 913 1414 tempora
937 1378 1051 1414 pane.

803 1477 985 1525 Mopsus.

260 1567 370 1616 Ergo
392 1568 424 1604 si
444 1568 571 1604 mixta
591 1572 803 1604 venturum
826 1565 1021 1614 grandine
1041 1565 1223 1602 nimbum

202 1623 424 1669 Coniciam‚
447 1622 588 1660 mediis
609 1634 793 1659 maneam
814 1633 975 1659 securus
997 1622 1038 1657 in
1060 1621 1169 1669 agris

205 1680 258 1716 Et
279 1680 442 1727 pluviae
464 1684 715 1726 contemptor
738 1689 875 1726 aquae7
899 1689 972 1714 nec
995 1683 1100 1714 tecta
1122 1676 1273 1722 subibo,

205 1735 361 1773 Nubila
386 1734 482 1772 dum
508 1734 662 1771 fuerint
688 1734 799 1770 caelo
824 1733 1000 1770 resoluta
1026 1732 1190 1770 sereno?

798 1843 998 1892 Corydon.

262 1935 388 1972 Haud
415 1934 544 1971 subito
572 1934 775 1971 interdum
802 1932 1017 1970 fodiendos
1045 1934 1190 1980 impete
1217 1943 1352 1969 cervos

204 1991 413 2028 Sollicitus
439 1996 605 2027 venator
634 1989 776 2036 habet3
807 2001 914 2025 nunc
940 1988 1047 2026 valle
1073 1988 1147 2025 sub
1176 1988 1266 2033 ima,

207 2046 329 2083 Nunc
352 2058 493 2083 saxosa
515 2047 618 2083 inter
639 2051 853 2082 montanae
876 2044 994 2081 devia
1016 2043 1140 2081 silvae

206 2102 391 2150 Vestigat
411 2101 539 2138 multa
560 2101 788 2138 latitantem
809 2099 1001 2148 indagine
1021 2098 1224 2147 praedam.

209 2159 369 2195 Interea
387 2169 536 2206 magno
554 2157 716 2205 nigrum
738 2167 827 2192 cum
848 2167 1050 2192 murmure
1072 2155 1226 2191 caelum

210 2214 386 2259 Intonat,
414 2219 452 2250 et
477 2211 618 2260 rapido
645 2211 802 2248 fulmen
827 2211 907 2247 ruit
933 2211 1025 2259 igne
1050 2210 1270 2247 trisulcum‘

207 2269 263 2306 At
288 2280 369 2306 non
397 2274 503 2305 tecta
528 2268 628 2316 petit
656 2266 798 2304 timido
825 2267 958 2303 vicina
984 2277 1132 2314 pavore

208 2324 409 2372 Coeptum
432 2335 531 2372 opus
555 2324 791 2360 immensum
814 2322 999 2370 linquens
1021 2327 1187 2358 venator
1209 2321 1260 2358 ob
1284 2321 1461 2365 imbrem,

210 2380 452 2429 Ingentique
481 2390 596 2416 canes
627 2378 801 2415 clamore
830 2378 996 2426 instigat
1025 2376 1180 2414 odoros.

210 2435 316 2473 Ecce
339 2435 424 2473 alta
445 2435 619 2472 occurrit
642 2445 820 2470 ramosus
844 2444 994 2470 cornua
1017 2443 1166 2469 cervus.

210 2491 294 2528 Hic
313 2502 455 2536 armos,
477 2490 542 2526 hic
563 2489 669 2526 colla
689 2490 806 2537 rapit,
830 2488 895 2525 hic
916 2500 1033 2525 crura
1055 2487 1279 2533 Molossus3

1536 461 1584 496 10

1539 1309 1588 1344 20

1543 2154 1594 2190 30
