1840 2731
208 157 258 193 62
549 157 725 188 PUBLII
748 157 807 188 ΓΑ
818 157 931 189 USTI
953 157 1246 188 ANDRELINI

210 267 353 305 Gratia
377 279 467 305 cum
489 267 640 305 dextris
665 267 803 305 infusa
826 268 1020 305 recumbit
1045 269 1094 305 ab
1119 269 1246 305 astris.

209 322 320 360 Certi
343 322 421 372 fige
444 323 611 372 aliquid,
635 335 711 372 quo
736 335 775 360 se
797 330 967 361 ventura
989 330 1168 361 senectus

209 378 408 416 Conferat
434 391 675 428 exsanguem
689 391 699 427 3
730 379 872 428 longos
897 391 946 416 ne
973 379 1094 416 differ
1120 380 1162 415 in
1186 390 1323 416 annos,

209 435 245 470 T
249 434 436 472 ardantes
462 435 541 472 iam
567 435 674 483 pelle
697 447 840 480 moras,
868 447 961 471 nam
985 435 1101 471 mitia
1125 446 1245 482 poma

210 489 392 527 Caenosa
415 490 552 539 ignavi
575 502 657 527 non
684 491 848 539 grunnit
873 491 1018 527 inertia
1042 490 1164 538 porci.
1520 489 1599 527 150

208 545 374 583 Aestiva
396 546 439 582 in
465 545 585 582 fossis
609 545 785 582 condens
810 545 1014 582 frumenta
1040 546 1219 582 cavernis

210 600 307 638 Non
332 602 494 638 incauta
518 601 658 638 hiemis
684 612 833 650 magno
858 601 1031 638 formica
1056 600 1217 638 futurae

210 656 412 704 Exemplo
436 657 498 701 sit,
521 657 656 702 stu1te,
683 662 763 702 tuo,
790 669 840 693 ne
866 657 994 704 turpis
1019 662 1171 704 egestas

210 713 395 749 Inveniat
419 712 592 749 tremula
612 711 838 749 mendicam
860 718 989 749 aetate
1012 718 1221 749 senectam.

209 768 395 815 Tristius,
420 774 464 805 ut
489 767 630 813 fertur,
656 768 758 804 nihil
783 775 840 805 est
864 779 983 816 quam
1006 767 1117 805 nuda
1140 774 1329 805 senectus.

211 823 275 860 En
298 824 449 871 patrias
474 824 664 872 Thyrsim
688 835 748 861 res
773 824 965 861 oblimare
989 830 1175 871 nepotem

211 880 382 916 Insanus
407 880 614 928 compellit
639 891 749 916 amor
764 892 773 927 3
802 879 869 916 sed
894 885 1073 927 ternpore
1098 890 1223 927 parvo

210 935 363 972 Evulsa
390 942 433 972 ut
462 935 594 983 gallus
620 936 760 983 pluma
785 935 960 972 nudatus
987 935 1112 971 abibit

211 991 365 1040 Perque
389 1003 523 1028 omnes
548 991 734 1038 explosus
758 1003 886 1039 agros.
946 990 1153 1038 Sapientia
1175 1001 1330 1027 summa
1353 996 1409 1027 est

212 1046 412 1094 Exemplo
437 1047 629 1083 instantes
655 1047 785 1083 alieno
812 1045 979 1083 evadere
1005 1045 1141 1083 casus]
1521 1045 1596 1082 160

265 1102 345 1138 His
365 1102 483 1139 dictis
501 1114 612 1139 mens
633 1109 689 1139 est
709 1103 811 1139 iusto
832 1101 986 1138 suffusa
1003 1102 1158 1147 rubore,

211 1157 479 1206 Spinosasque
495 1170 591 1195 ¹meo
614 1169 728 1195 curas
751 1158 800 1195 de
825 1157 943 1194 corde
966 1157 1116 1202 revelli,

210 1214 366 1262 Aspera
391 1214 548 1251 triticeo
573 1225 643 1250 ceu
668 1214 770 1251 silva
795 1213 980 1251 evellitur
1005 1225 1114 1261 agro,

211 1268 277 1307 Ne
300 1276 478 1306 teneram
499 1270 702 1306 interimat
724 1276 899 1318 segetem
923 1276 960 1306 et
984 1268 1202 1306 fallacibus
1224 1268 1356 1305 herbis

210 1324 433 1362 Luxurient
458 1325 613 1374 rigidae
638 1337 708 1373 per
735 1325 844 1362 culta
867 1325 1038 1362 nitentia
1062 1325 1219 1372 lappae.

212 1381 313 1418 Mox
332 1387 444 1418 tanto
465 1382 568 1417 ruris
586 1380 753 1429 flagravi
773 1381 914 1417 ardore
936 1379 1106 1425 colendi,

211 1436 271 1474 Ut
291 1437 416 1474 nimio
436 1438 666 1474 immorerer
688 1436 844 1483 studio;
869 1448 950 1473 non
973 1435 1104 1484 frigus
1127 1435 1309 1481 adurens,

210 1492 387 1530 Torrida
405 1504 485 1529 non
506 1498 633 1529 aestas
652 1493 789 1537 vetuit,
811 1503 892 1528 non
911 1491 1076 1528 horrida
1097 1491 1250 1540 grando

212 1548 505 1591 Plurimusssaut
528 1548 652 1585 imber
677 1547 808 1584 calido
832 1547 1024 1584 demissus
1046 1547 1094 1584 ab
1118 1547 1278 1584 Austro.

211 1603 362 1641 Sedula
385 1604 560 1640 sollicito
584 1604 784 1651 reparavit
811 1615 906 1640 cura
928 1603 1065 1639 labore
1522 1601 1598 1639 170

212 1659 333 1706 Quod
354 1659 524 1696 stolidus
543 1659 787 1706 consumpsit
809 1670 930 1695 amor.
993 1657 1129 1694 Multa
1147 1657 1324 1706 undique
1345 1657 1468 1705 pubes

210 1715 277 1751 Ad
301 1727 390 1752 mea
413 1726 483 1752 ceu
508 1714 653 1751 densae
676 1714 861 1751 volitavit
887 1720 992 1750 tecta
1017 1713 1247 1760 columbae3

213 1771 267 1808 Et
293 1771 466 1818 pretium
491 1782 572 1806 non
598 1770 678 1807 vile
704 1769 826 1815 dedit,
854 1781 930 1818 quo
958 1769 1109 1806 scilicet
1136 1775 1271 1816 aptam

213 1826 395 1863 Disceret
423 1827 463 1862 in
490 1833 626 1863 tenues
654 1825 839 1862 tellurem
867 1824 1098 1861 abscindere
1126 1824 1299 1872 glaebas.

213 1882 368 1918 Primus
391 1893 463 1930 ego
485 1881 682 1930 agricolas
705 1881 823 1918 docui
845 1892 943 1929 quos
967 1880 1124 1916 Franca
1143 1879 1331 1916 tenebant

212 1937 323 1974 Arva
348 1937 489 1984 rudes;
517 1943 557 1973 at
581 1948 689 1973 nunc
713 1943 879 1984 possunt
905 1948 995 1972 cum
1019 1935 1138 1972 laude
1162 1935 1354 1983 magistra

214 1993 378 2030 Certare
399 2004 444 2029 ac
466 1992 586 2029 docta
606 1993 838 2040 peregrinos
859 1998 943 2028 arte
965 1991 1128 2028 colonos

213 2049 407 2095 Vincere;
433 2048 643 2084 monstrati
667 2054 781 2084 tanta
801 2054 858 2083 est
882 2046 1062 2083 sollertia
1085 2046 1225 2083 cultus.

215 2104 361 2140 Nescio
387 2104 455 2152 qui
479 2109 657 2139 nostram
680 2109 859 2150 pastores
884 2101 1023 2138 rodere
1049 2101 1200 2138 famam

215 2158 401 2196 Mordaci
426 2170 591 2206 coepere
614 2170 734 2205 sono;
763 2164 916 2194 tumore
941 2157 1119 2205 maligno
1523 2157 1598 2193 180

215 2214 378 2251 Invidia
402 2214 575 2251 exsultat
600 2214 741 2250 liventi
767 2224 927 2261 aspersa
951 2224 1114 2249 veneno.

215 2270 273 2307 Ut
301 2270 363 2307 leo
390 2270 581 2306 terribilis
607 2268 749 2305 rabida
775 2268 1002 2305 stimulatus
1030 2268 1080 2304 ab
1108 2269 1167 2304 ira

216 2327 265 2362 In
285 2326 457 2363 iuvenile
479 2331 599 2372 caput
620 2325 831 2362 temeraria
851 2324 931 2361 tela
951 2324 1102 2360 retorsi.

213 2382 349 2418 Altius
377 2380 509 2429 infigit
537 2380 665 2417 lassus
692 2380 862 2428 vestigia
889 2386 1027 2416 taurus

216 2436 400 2474 Grandia
424 2437 487 2473 cui
512 2435 687 2484 pendent
711 2435 817 2472 hirto
842 2435 1022 2483 palearia
1045 2441 1192 2471 mento.

217 2492 366 2529 Inclita
391 2491 606 2529 Caesareas
628 2491 798 2528 victoria
821 2490 931 2527 venit
954 2489 1005 2527 ad
1031 2501 1145 2526 aures
