1840 2731
830 126 1076 165 BUCOLJCA

264 239 433 291 Limina,
458 249 496 281 te
518 244 723 282 retrahens
746 245 960 281 intrantem
985 245 1130 281 ianitor
1155 250 1273 290 arcet,

266 300 319 337 Et
340 312 529 349 magnum
552 306 736 337 causatur
759 312 882 348 opus3
909 301 981 337 tibi
1004 300 1139 337 clausa
1160 300 1333 337 moranti

266 356 382 393 Ostia
400 368 519 405 quam
538 362 702 404 pateant
722 356 910 393 millenus
930 356 1120 404 praeterit
1141 367 1279 393 annus.

266 412 318 448 Et
339 412 499 449 demum
520 412 705 460 obliquus
725 418 951 449 transverso⁴
971 412 1120 448 lumine
1142 411 1290 449 Caesar

266 468 446 515 Respicit
470 467 696 513 admissum,
724 468 923 516 tacitoque
948 468 1226 504 immurmurat
1251 479 1328 504 ore.

265 523 441 560 Auribus
461 524 568 560 hunc
589 524 726 571 pronis
747 523 940 572 vultuque
964 523 1125 560 exaudit
1148 528 1285 571 aperto

266 579 347 626 Qui
367 591 438 616 sua
456 579 626 616 caudato
645 579 814 628 vestigia
832 585 1003 627 syrmate
1023 579 1156 624 verrit,

265 635 398 683 Atque
421 635 537 671 illum
560 635 688 673 scalas
710 635 884 683 primum
908 635 1120 671 comitatur
1144 634 1195 670 ad
1220 635 1329 670 imas.

267 690 482 728 Postmodo
505 690 616 727 vadit
637 692 753 738 inops
776 690 964 728 simulata
987 690 1122 727 fronte
1143 695 1331 736 vocatus3

267 747 426 783 Vertice
446 746 599 783 nudato
620 746 821 795 labrisque
841 746 1100 783 trementibus
1122 751 1208 782 orat

268 802 321 839 Et
345 801 444 839 flexo
471 802 647 839 inculcat
671 802 888 838 titubantia
912 802 1067 849 poplite
1092 801 1223 837 verba.

267 858 378 895 Huic
396 858 491 895 deus
510 858 688 895 arridens
707 858 862 906 magnis
882 870 971 894 cum
988 857 1189 894 montibus
1208 857 1345 904 ampla

267 914 454 963 Aequora
474 914 697 962 promittit3
721 913 790 950 sed
812 914 947 950 inania
968 913 1089 950 verba
1111 912 1308 958 feruntur,

269 969 380 1007 Nota
401 970 450 1006 sit
471 975 514 1006 ut
537 971 660 1006 tacitov
679 981 846 1006 manans
869 982 916 1006 ex
938 981 1004 1006 ore
1027 969 1197 1017 repulsa.

269 1025 442 1062 Munera
460 1026 492 1062 si
511 1037 590 1074 qua
607 1025 729 1072 dedit,
751 1026 929 1074 queritur
950 1024 1090 1062 domus
1110 1024 1238 1061 omnis
1258 1029 1295 1061 et
1315 1024 1396 1060 acri

268 1082 487 1129 Rumpitur
508 1081 662 1117 invidia
683 1092 947 1129 praesensque
970 1086 1146 1117 avertere
1168 1091 1315 1116 numen

269 1137 427 1174 Nititur
449 1142 486 1174 et
508 1136 650 1173 rabido
670 1143 841 1174 taetrum
864 1137 989 1173 vomit
1011 1148 1077 1173 ore
1098 1147 1306 1173 venenum.

269 1193 466 1241 Prospera
488 1193 552 1229 cui
574 1193 732 1240 penitus
756 1191 852 1229 flatu
879 1192 1058 1228 Fortuna
1079 1191 1252 1240 benigno

268 1248 434 1297 Aspirat
460 1260 552 1285 rara
576 1254 632 1285 est
659 1249 783 1284 niveis
811 1248 1016 1284 cornicula
1041 1248 1193 1296 pennis.

268 1304 329 1341 Ac
348 1304 473 1341 veluti
495 1304 663 1352 cupidus
685 1303 876 1340 fallacem
898 1304 1015 1351 piscis
1038 1303 1088 1339 ad
1110 1303 1284 1348 hamum,

269 1361 366 1397 Huc
390 1366 580 1409 properat
605 1360 827 1408 glomerata
851 1359 991 1396 cohors
1017 1359 1266 1407 similemque
1291 1357 1442 1396 referre

270 1416 434 1465 Cogitat
462 1422 658 1462 eventum,
689 1415 816 1453 donec
845 1421 1082 1463 consumpta
1110 1415 1273 1452 iuventa

270 1472 319 1510 Se
339 1471 449 1510 videt
469 1473 626 1509 irrisam
643 1483 717 1509 nec
737 1471 856 1508 habet
877 1483 954 1520 quo
976 1471 1107 1508 tristia
1126 1472 1232 1508 vitae

269 1529 473 1577 Tempora
493 1528 696 1574 sustineat,
720 1528 902 1576 iustoque
924 1526 1071 1563 affecta
1092 1526 1231 1564 dolore

272 1584 422 1621 Incidit
446 1590 538 1621 ante
561 1583 666 1632 pilos
690 1589 867 1620 extrema
890 1584 932 1619 in
958 1582 1103 1619 funera
1126 1594 1256 1619 canos.

272 1641 367 1688 Ipsa
386 1640 505 1677 etiam
524 1639 680 1676 stabulo
700 1639 884 1676 mendica
903 1644 1061 1675 senecta
1079 1638 1220 1675 relicto

272 1695 326 1733 Et
346 1695 456 1732 nuda
476 1696 517 1732 in
538 1695 656 1743 palea
675 1695 855 1740 moritur,
878 1706 951 1731 nec
971 1695 1076 1731 sicca
1096 1694 1231 1742 petitis

272 1751 357 1789 Ora
376 1752 559 1800 rigantur
579 1752 691 1800 aquis
706 1762 715 1798 3
738 1750 815 1796 hic,
838 1750 903 1786 hic
922 1756 1057 1787 manet
1078 1750 1206 1787 exitus
1228 1749 1343 1785 illum

272 1807 354 1854 Qui
375 1813 526 1844 rectum
549 1812 718 1844 sectetur
740 1807 815 1842 iter
836 1817 908 1843 nec
930 1805 1062 1842 deviet
1082 1816 1283 1854 umquam.

272 1863 315 1901 Si
340 1864 403 1900 cui
429 1869 532 1900 tecta
557 1863 686 1900 nitent
712 1861 827 1899 fulvo
855 1861 1012 1899 radiata
1035 1861 1200 1898 metallo

272 1919 404 1968 Atque
427 1919 507 1956 alto
532 1919 665 1956 vicina
686 1918 793 1966 polo,
818 1929 886 1955 seu
909 1917 1031 1966 palpo
1054 1916 1228 1962 dolosus,

272 1975 467 2013 Versutus
489 1985 558 2012 seu
578 1974 672 2012 leno
693 1973 785 2019 fuit,
810 1985 878 2010 seu
900 1973 1082 2022 proditor
1105 1978 1201 2018 ater,

272 2030 442 2068 Sedulus
464 2036 532 2068 aut
553 2041 743 2079 magnam
763 2029 922 2066 stillans
944 2029 1100 2066 delator
1122 2029 1163 2065 in
1186 2039 1332 2074 aurem,

273 2086 349 2124 Vel
370 2086 475 2124 solas
498 2091 670 2124 ostentat
692 2097 785 2134 opes
807 2097 905 2134 quas
927 2085 1110 2133 praebuit
1131 2096 1232 2121 uxor

272 2142 493 2180 Omnivolo
512 2148 694 2190 stuprata
713 2141 807 2178 duci
826 2141 889 2178 vel
912 2146 1089 2189 tempore
1109 2152 1234 2188 parvo

274 2199 386 2246 Quas
409 2198 587 2235 cumulat
610 2197 756 2235 rodens
778 2198 877 2234 imas
901 2208 1022 2234 usura
1044 2195 1254 2233 medullas.

876 2285 1046 2324 Lollius.

330 2367 413 2406 Cur
435 2368 557 2416 igitur
581 2373 663 2404 tam
684 2366 812 2404 laetus
836 2365 956 2403 ades?
1014 2377 1082 2402 cur
1106 2364 1242 2401 dulcia
1265 2370 1396 2401 tecum

275 2423 467 2461 Carmina
485 2422 711 2460 fundebas?
730 2421 924 2470 numquid
943 2426 1098 2458 mutata
1117 2420 1265 2457 fritillo

274 2479 378 2518 Alea
399 2478 574 2516 succedit
597 2478 842 2527 melioraque
864 2482 1016 2526 puncta
1036 2476 1264 2513 ministrat?

1594 124 1642 170 27

1597 523 1647 557 30

1599 1080 1650 1115 40

1605 1637 1653 1674 50

1604 2194 1655 2231 60
