1840 2731
195 154 243 190 32
534 157 710 190 PUBLII
732 158 791 189 ΓΑ
802 159 915 190 USTI
937 159 1230 192 ANDRELINI

787 270 970 319 Lycidas.

248 356 326 393 Pro
348 357 474 395 scelus
495 357 730 396 infanduml
754 360 912 397 diversa
932 361 973 397 in
996 360 1128 398 frusta
1148 360 1351 407 secandus,

194 411 367 449 Gutture
388 425 455 450 seu
476 413 556 451 fixo
577 426 648 462 per
669 417 845 464 compita
865 422 1009 453 cuncta
1029 416 1260 462 trahendus,

193 467 374 506 Perfidus
395 469 466 506 ille
487 469 604 507 foret.
664 471 744 508 Res
766 478 823 508 est
842 472 905 508 dis
927 478 1017 509 acta
1038 472 1232 518 secundis,

193 523 312 571 Quod
334 536 415 561 non
437 525 524 574 ipsa
546 532 614 563 tuo
637 527 849 564 rubefacta
871 533 929 565 est
952 534 1058 566 terra
1080 540 1228 566 cruore.

787 628 970 676 Mopsus.

246 714 351 752 Ecce
371 716 472 752 alius
493 716 644 763 rabido,¹
666 717 735 754 sed
757 717 887 755 adhuc
908 719 1147 767 incogiiitu3‚
1170 731 1237 756 ore

191 770 240 807 In
262 767 382 818 caput
404 771 479 808 hoc
501 772 623 809 latrat
645 780 948 823 commentaque
968 775 1104 822 turpia
1125 774 1254 824 fingit.

191 825 301 863 Nam
319 839 381 863 me
399 827 509 864 nuda
530 827 655 865 refert
675 829 860 866 manibus
880 836 971 878 post
991 836 1105 879 terga
1125 830 1262 879 ligatis

190 881 352 919 Parisiis
375 884 515 921 arsisse
536 885 655 932 rogiS‚
680 885 786 933 quod
809 892 946 922 sancta
966 885 1132 923 deorum

190 937 372 975 Numina
393 940 628 987 sprevissem
641 952 651 987 3
678 940 863 989 falsoque
885 941 1057 978 infamia
1079 948 1177 980 teste

188 993 398 1031 Auxiliata
422 996 529 1043 viget
553 996 799 1045 mentitaque
825 997 993 1034 crimina
1016 998 1168 1046 vulgat.

190 1049 291 1086 Inde
316 1049 396 1086 fuit
420 1050 638 1098 populatus
663 1064 768 1100 ager,
795 1059 1034 1101 raptumque
1059 1053 1251 1090 sacellum

190 1104 278 1151 Quo
305 1106 435 1142 tenuis
459 1106 663 1154 quondam
684 1109 886 1144 seniorum
908 1109 991 1145 vita
1015 1114 1228 1156 parentum

189 1159 420 1198 Sustentata
441 1161 545 1210 fuit3
571 1163 769 1211 gravidas.
793 1164 882 1209 heu,
905 1164 1076 1202 vendere
1098 1176 1239 1201 vaccas

190 1215 335 1265 Cogor,
358 1224 401 1254 ut
423 1218 624 1255 Ausonios
644 1220 802 1256 mittam
826 1220 1057 1257 Meliboeon
1078 1221 1121 1257 in
1142 1232 1260 1270 agros

188 1272 291 1309 Aere
313 1285 475 1321 gravem
495 1274 635 1320 multo,
658 1287 708 1312 ne
730 1275 825 1312 ficta
846 1276 994 1313 iniuria
1014 1276 1104 1313 labe

190 1328 382 1376 Ignorata
403 1328 511 1375 fluat,
534 1342 607 1367 nec
628 1331 765 1379 iniquo
787 1331 918 1368 iudice
941 1332 1117 1378 damner,

189 1383 243 1420 Et
265 1386 460 1432 templum
482 1387 669 1422 amissum
693 1398 885 1435 reparem,
909 1394 1158 1437 maestosque
1181 1394 1365 1436 parentes

186 1439 463 1489 Afflictamque
485 1441 647 1478 domum
669 1443 783 1479 soler.
847 1443 956 1480 Dum
978 1444 1076 1480 talia
1097 1456 1227 1490 narro,

186 1495 277 1533 Vox
300 1502 338 1533 et
360 1496 500 1545 lingua
521 1497 629 1534 cadit
649 1499 774 1536 nimio
795 1511 1007 1547 suppressa
1029 1500 1177 1537 dolore.

782 1610 814 1646 L
819 1610 966 1658 ycidaS.

242 1696 339 1734 Non
357 1698 466 1735 mala
485 1698 687 1736 durabunt
708 1701 810 1737 tanti
831 1701 1018 1750 contagia
1037 1702 1176 1747 morbi,

186 1752 263 1789 Sed
284 1755 443 1801 penitus
463 1755 655 1792 convulsa
674 1763 801 1801 ruent.
824 1768 895 1793 ceu
914 1757 1116 1794 montibus
1138 1757 1231 1795 altis

188 1808 273 1845 Nix
296 1809 514 1858 aliquando
538 1812 616 1847 ruit
640 1811 777 1859 tepido
800 1812 975 1849 resoluta
999 1813 1141 1850 calore.

186 1864 227 1901 Si
248 1865 369 1902 modo
390 1866 582 1903 sollicitos
606 1868 732 1904 oculis
756 1868 864 1904 Deus
887 1869 1030 1916 aspicit
1053 1869 1199 1917 aequis,

187 1920 372 1957 Forsitan
393 1928 594 1959 auctorem
614 1922 710 1959 falsi
730 1925 900 1960 rumoris
920 1925 1103 1973 iniquum

188 1976 313 2024 Ignea
333 1988 462 2024 poena
482 1984 626 2015 manet.
689 1978 856 2017 Nullius
880 1981 1038 2017 conscia
1059 1980 1202 2028 culpae

187 2031 356 2069 Pectora
379 2033 559 2070 solentur
573 2046 582 2081 3
611 2035 772 2082 speculo
801 2037 1052 2083 conspectius
1077 2036 1164 2084 ipso

185 2087 346 2134 Verum,
372 2088 526 2136 Mopse,
550 2096 684 2137 patet3
710 2091 937 2127 communia
957 2092 1078 2128 verba
1101 2091 1282 2129 fatentur

186 2142 317 2180 Nulla
338 2144 463 2181 latere
486 2144 556 2182 diu
580 2157 706 2183 vanae
730 2146 940 2183 mendacia
962 2147 1135 2196 linguae.

781 2247 964 2294 Allopszts.

238 2333 323 2371 Scis
343 2334 456 2380 bone,
480 2336 555 2373 scis
575 2336 736 2384 Lycida,
758 2349 848 2373 cum
869 2337 975 2374 festa
995 2338 1142 2375 Palilia
1162 2338 1334 2385 fumant,

183 2389 249 2425 Ad
273 2401 385 2426 sacra
407 2397 502 2439 quot
526 2391 704 2428 dederim
726 2392 878 2430 bifores
902 2393 1047 2430 altaria
1070 2400 1220 2440 cantus,

184 2444 268 2482 Scis
287 2457 389 2493 opus
411 2458 619 2495 assurgens
641 2460 755 2485 verae
777 2449 884 2497 quod
906 2449 1048 2497 pandit
1070 2456 1253 2497 opertum

185 2500 410 2552 Religionis
434 2503 508 2539 iter
521 2515 531 2550 3
561 2509 746 2554 coeptum
768 2505 802 2540 si
827 2504 988 2553 quando
1013 2505 1192 2547 laborem

1498 999 1571 1035 100

1495 1703 1569 1739 110

1491 2395 1564 2435 120
