1840 2731
149 144 198 180 64
487 147 664 179 PUBLII
686 148 745 179 FA
756 147 869 180 USTI
891 148 1185 180 ANDRELINI

148 255 206 293 Ut
228 257 362 294 cuncti
384 269 544 296 suevere
566 270 676 296 senes
698 260 766 308 qui
788 260 978 307 temporis
1002 259 1080 296 acti

148 311 273 349 Facta
298 324 369 350 sua
393 314 594 351 extollunt
619 315 829 363 verbisque
854 315 1088 364 loquacibus
1117 321 1260 352 ornant
1274 326 1283 362 ;

146 367 224 404 Sed
248 369 376 417 magis
401 369 485 417 ipse
510 369 642 406 ferum
665 381 803 418 pungo
827 371 1054 407 stimulator
1079 371 1258 416 inertem,

146 423 310 472 Tangat
329 430 373 461 ut
395 436 561 462 excurso
583 425 768 462 sudatam
789 426 953 474 pulvere
974 432 1132 463 metam.

146 478 273 515 Haud
294 480 520 527 spernenda
539 480 630 517 rudi
651 488 828 529 praestat
849 481 1089 518 documenta
1109 482 1292 519 iuventae

148 534 282 571 Ducta
306 535 369 572 vel
396 535 446 572 ad
471 535 645 573 mediam
671 536 838 574 verbosa
862 537 1027 574 licentia
1050 543 1208 574 noctem

145 590 308 627 Annoso
334 602 519 628 concessa
540 592 648 639 seni3
673 603 755 629 non
779 593 903 640 garrit
927 593 1060 640 inepte

146 644 276 692 Quem
298 646 421 695 longa
443 647 588 684 erudiit
609 647 726 684 multi
750 648 996 696 experientia
1019 647 1130 685 facti.

743 759 926 807 Mopsus.

199 846 265 884 Sic
291 848 504 884 incessanti
531 847 733 885 defessum
758 849 939 886 membra
963 849 1099 886 labore

146 901 241 939 Non
265 903 419 951 requies
442 903 598 940 alterna
621 904 738 950 levat,
765 905 820 941 sic
843 905 1025 941 omnibus
1049 905 1157 942 horis

144 957 293 995 Sedula
319 970 389 996 ceu
414 959 566 997 medios
591 960 697 997 vivet
723 959 980 997 salamandra
1006 972 1077 1008 per
1104 961 1226 1008 ignes

735 1071 935 1119 Corydon.

196 1160 345 1196 Annua
365 1161 399 1196 si
424 1171 576 1208 semper
601 1161 777 1197 sulcatae
801 1162 952 1198 semina
976 1167 1103 1198 terrae

144 1215 385 1261 Credideris‚
412 1215 481 1252 fiet
505 1216 662 1253 crebros
687 1223 730 1253 ut
757 1216 909 1253 femina
934 1223 1072 1264 partus
1235 1245 1257 1265 0

144 1271 287 1308 Enixa.
313 1277 350 1308 et
374 1272 477 1308 vires
500 1271 621 1308 effeta
643 1272 830 1320 gemiscet
854 1272 1072 1320 ademptas

145 1326 356 1364 Demulcet
380 1327 489 1363 dulci
512 1327 697 1364 sudorem
721 1334 836 1364 nocte
859 1327 1048 1364 diurnum

143 1382 304 1419 Scilicet
326 1384 455 1419 exacti
475 1394 565 1419 cum
586 1383 709 1420 corda
729 1383 855 1420 oblita
875 1383 1024 1420 laboris

142 1438 262 1475 Altus
283 1450 444 1475 somnus
466 1438 609 1485 habet3
636 1446 869 1475 cunctarum
892 1438 1061 1486 provida
1083 1450 1212 1475 rerum

142 1493 330 1530 Alternas
356 1493 516 1530 Natura
537 1495 641 1531 vices
663 1506 742 1531 non
767 1494 905 1530 invida
926 1494 1049 1531 donat

144 1549 268 1595 Queis
287 1550 370 1586 sine
390 1550 555 1587 terrenis
575 1550 677 1586 nihil
698 1556 754 1586 est
775 1549 958 1586 durabile
979 1550 1105 1586 rebus.

144 1605 257 1651 Quae
278 1604 405 1642 reficit
425 1606 553 1642 maior
574 1605 680 1642 festa
700 1617 819 1654 quam
840 1606 928 1642 luce
948 1605 1136 1653 voluptas

143 1660 220 1698 Seu
242 1660 351 1697 nuda
372 1661 413 1697 in
435 1660 534 1698 forti
556 1661 733 1697 membra
755 1673 935 1698 exercere
958 1661 1160 1708 palaestra

144 1715 232 1753 Nec
258 1717 373 1753 sociis
399 1717 558 1753 cessisse
585 1717 674 1761 tuis,
702 1717 908 1753 vibratave
933 1717 1018 1764 pila

142 1771 363 1808 Sublimem
383 1772 536 1820 ingenti
560 1778 743 1820 torquere
764 1784 833 1820 per
856 1784 948 1809 aera
967 1773 1077 1817 nixu,

143 1826 221 1864 Seu
239 1834 395 1864 vastum
415 1827 498 1864 solo
521 1839 659 1864 saxum
680 1829 894 1864 excussisse
916 1828 1064 1864 lacerto

144 1882 197 1920 Et
217 1882 339 1919 fixam
361 1885 548 1920 transisse
567 1890 715 1929 notam,
739 1896 807 1920 seu
827 1884 994 1920 saltibus
1015 1883 1106 1920 altis

143 1937 234 1976 Sive
253 1938 402 1986 pedum
422 1938 579 1976 ardenti
601 1939 809 1976 volucrum
830 1939 1069 1976 contendere
1091 1939 1234 1976 cursu?

142 1994 226 2030 Aut
246 1994 318 2031 hos
338 2000 406 2031 aut
429 1994 577 2031 similes
599 1994 715 2031 debet
737 1994 900 2031 robusta
921 1995 1104 2031 iuventus

144 2049 341 2087 Exercere
371 2050 477 2086 iocos
507 2051 761 2098 animumque
792 2049 943 2087 referre
972 2050 1141 2086 virilem.

145 2104 454 2153 Magnanimum
477 2111 515 2142 et
537 2105 657 2141 vilem
681 2106 869 2142 testantia
890 2112 1053 2153 pectora
1075 2116 1212 2142 sexum

144 2159 208 2196 Ex
231 2159 374 2197 studiis
396 2166 488 2197 sunt
510 2167 607 2197 nota
630 2161 732 2207 suis;
758 2171 868 2197 mens
892 2161 1056 2208 pronior
1079 2160 1187 2197 ultro

146 2215 397 2253 Flammante
418 2216 627 2253 instinctas
648 2222 791 2253 natura
812 2215 974 2253 exardet
996 2215 1047 2252 ad
1069 2222 1185 2253 artes

742 2326 925 2374 Mopsus.

199 2414 286 2450 Iam
309 2425 411 2451 cano
432 2414 618 2451 imberbis
640 2415 830 2451 monitori
853 2414 957 2451 cedit
980 2413 1154 2462 ephebus

143 2469 273 2516 Quem
293 2469 404 2507 velut
423 2471 512 2518 ipsa
530 2469 614 2507 dies
633 2470 795 2509 sorbum
815 2475 990 2508 maturat
1012 2470 1209 2507 acerbum.

1452 649 1529 684 230

1451 1496 1526 1530 240

1449 2049 1526 2086 250
