1840 2731
857 103 1103 136 BUCOLICA

294 217 546 255 Borbonatus
568 217 734 254 celebris
757 222 841 253 tota
862 214 1106 252 diffunditur
1129 215 1225 250 urbe
1243 226 1249 252 ;

296 272 390 311 Non
409 272 490 310 fuit
509 272 657 321 insigni
676 272 802 308 maior
821 271 1030 319 quisquam
1052 271 1210 318 pietate.

292 327 443 366 Causas
466 334 716 366 contrectans
739 332 943 374 promotor
966 326 1124 374 Sylvius
1148 332 1250 361 astat

295 384 465 433 Aequali
491 383 610 420 librat
638 383 734 419 iuris
759 383 826 430 qui
854 381 1011 430 singula
1040 382 1164 418 lance.

875 504 905 539 A
910 504 951 540 'it
956 517 959 520 ’
964 517 1031 541 ern
1037 516 1090 540 as.

350 595 385 633 O
407 602 577 644 quantas
598 606 670 643 par
692 600 750 632 est
770 595 842 631 tibi
862 606 924 631 me
945 594 1170 642 persolvere
1193 600 1335 641 grates.

296 651 353 688 Ut
372 652 441 700 qui
462 657 543 688 tarn
564 662 712 698 magna
731 662 792 687 me
813 649 1051 686 dexteritate
1072 649 1225 695 bearis;

293 707 509 755 Tantisper
531 717 643 743 sacra
664 706 903 743 constituam
925 705 1136 742 sollemnia
1158 704 1308 751 templo

293 762 358 800 Ob
378 774 522 799 nornen
544 761 761 810 laudesque
781 767 880 805 tuas,
902 760 997 797 dum
1019 761 1102 796 vita
1121 760 1307 796 manebit.

295 818 453 856 Interea
473 818 628 855 comitis
648 823 786 865 satago
806 816 1034 854 veneranda
1054 816 1185 852 subire

294 873 390 918 Ora,
414 875 470 911 rei
493 885 569 922 quo
592 873 830 921 participem
852 883 959 909 nunc
980 870 1145 908 reddere
1169 872 1327 919 possim.

350 928 494 967 Gloria
516 935 722 977 pastorum
745 927 868 964 nullis
892 928 1055 975 lapsura
1078 927 1228 971 diebus,

296 985 508 1033 Digressus
527 984 655 1022 nostri
675 984 790 1021 venio
812 984 967 1020 laturus
990 983 1170 1019 honores.

295 1040 412 1078 Mens
432 1052 520 1078 mea
541 1039 621 1078 fert
646 1040 775 1076 Panos
796 1039 997 1075 mandatis
1020 1039 1108 1076 luce
1129 1039 1305 1086 sequenti

295 1096 505 1134 Attentare
526 1096 622 1140 vias,
646 1102 688 1132 ut
712 1094 913 1132 fertiliora
934 1094 1153 1131 subintrem

298 1152 450 1189 Pascua
473 1163 572 1200 quae
598 1157 765 1187 vernant
791 1150 932 1187 dextra
956 1149 1188 1187 melioribus
1216 1149 1356 1185 herbis.

894 1273 1073 1311 Fiscalis.
1082 1315 1093 1325 ·

350 1363 452 1401 Care
477 1363 666 1409 Niverne,
690 1364 831 1400 volans
852 1374 1022 1411 propero
1045 1362 1248 1399 discedere
1271 1374 1417 1410 gressu,

295 1419 388 1467 Quo
405 1419 559 1456 moliris
581 1419 682 1456 iter?
739 1431 811 1456 nec
831 1430 911 1455 non
932 1430 1010 1467 quo
1032 1424 1222 1466 protenus
1243 1429 1367 1466 agnas

294 1475 444 1512 Trudis
465 1475 676 1524 lanigeras,
701 1486 746 1511 ac
768 1486 964 1523 quaenam
986 1486 1134 1522 pascua
1153 1474 1337 1522 quaeris?

295 1531 406 1568 Tene
427 1530 717 1579 aliquantisper
740 1530 849 1567 iuvat
870 1530 945 1566 hac
968 1530 1181 1566 consistere
1206 1529 1336 1565 terra?

296 1586 431 1623 Huius
452 1587 602 1634 quippe
623 1592 775 1623 scatent
797 1586 884 1634 agri
906 1584 1189 1633 praedulcibus
1211 1585 1355 1622 herbis.

296 1642 379 1678 Hic
398 1641 615 1679 meditatur
636 1642 718 1677 avis
741 1647 876 1678 tenues
898 1652 1134 1688 componere
1155 1639 1282 1678 nidos

295 1697 504 1746 Squamosi
527 1698 631 1734 sicco
656 1697 804 1734 saliunt
830 1697 869 1732 in
894 1696 1010 1733 litore
1035 1697 1173 1744 pisces,
1228 1723 1234 1728 .

298 1753 468 1801 Pinguia
488 1752 706 1801 perceleres
726 1752 790 1788 hic
812 1763 938 1800 agnae
959 1752 1142 1800 gramina
1161 1750 1340 1788 tondent.

876 1861 1092 1900 Nivernus.

353 1952 531 1997 Fiscalis,
552 1952 612 1988 his
632 1952 800 1989 meliora
820 1951 958 1988 ferunt
978 1951 1140 2000 regione
1160 1952 1287 1988 virere

296 2008 388 2055 Qua
405 2007 486 2045 late
505 2019 665 2056 campos
685 2007 893 2055 praeclara
913 2006 1112 2044 Nivernia
1130 2005 1286 2054 profert
1302 2018 1311 2052 ,ς

298 2063 408 2100 Nota
427 2075 535 2100 meas
554 2062 724 2111 pecudes
746 2062 844 2100 illuc
864 2074 934 2110 per
956 2073 1105 2110 pascua
1125 2061 1254 2098 trudo.

894 2183 1028 2220 Fiscal
1032 2183 1075 2220 is.

350 2274 482 2312 Sicine
499 2285 727 2311 communes
743 2273 860 2311 aedes
878 2279 915 2310 et
934 2273 1072 2321 iugera
1089 2273 1264 2321 linquis?

297 2330 360 2366 Ah
380 2335 563 2377 coeptam
581 2328 739 2366 dimitte
758 2329 876 2373 viam,
896 2340 946 2365 ne
968 2328 1130 2365 Musula
1152 2334 1287 2364 nostra

297 2385 357 2422 Te
379 2383 482 2431 fleat,
509 2390 547 2422 et
570 2390 792 2422 monstrent
817 2384 882 2420 hic
907 2383 1132 2420 infortunia
1158 2383 1302 2420 fontes.

298 2440 438 2477 Nostri
460 2446 639 2488 pastores
659 2439 709 2477 ob
732 2446 771 2477 te
793 2440 964 2487 suspiria
986 2437 1170 2475 fundent.

1623 103 1645 139 9
1652 103 1673 137 3

1630 214 1676 248 70

1627 928 1677 960 80

1627 1641 1678 1673 00
