1840 2731
694 427 1174 478 APPENDICES

771 542 1028 573 APPENDIX
1054 542 1095 573 A.

286 633 403 664 Publii
422 633 544 663 Fausti
564 631 752 663 Audrelini
770 631 1021 663 Forolz'viensis
1041 632 1234 662 Clarissimi
1252 632 1377 662 Poetae
1396 631 1563 663 Laureati
1584 631 1628 662 ad

244 678 433 708 Ix'obertum
461 676 662 715 Gaguinum
685 676 771 707 Divi
794 676 967 707 Mamm-ini
993 676 1200 707 Parii-{ensis
1227 675 1430 706 illinislrum
1455 675 1626 707 llIaiorem

242 722 412 761 Epistola.

292 809 419 841 Multos
442 810 516 841 fore
537 810 696 842 arbitror.
720 809 917 840 Reverende
942 808 1093 841 Praesul.
1117 810 1175 847 qui
1195 820 1272 840 cum
1293 809 1396 840 huius
1416 809 1551 847 eclogae
1575 808 1628 840 vel

245 855 353 886 solum
376 854 513 885 titulum
536 854 692 892 legerint,
714 854 969 892 quamprimum
989 865 1040 884 me
1061 858 1092 884 et
1113 854 1307 884 mordacem
1328 859 1359 884 et
1380 853 1537 884 invidum
1556 863 1627 884 esse

245 900 408 937 garrient.
462 899 660 930 Incivilium
689 899 779 929 enim
812 909 848 929 ac
878 898 1007 929 levium
1034 898 1213 929 hominum
1241 903 1368 929 natura
1395 903 1444 929 est
1474 898 1629 929 nondum

245 948 456 982 perspectam
479 943 656 974 materiam
681 943 715 973 in
742 943 944 974 deteriorem
971 943 1085 981 potius
1109 953 1211 981 quam
1236 942 1411 973 meliorem
1437 943 1471 973 in
1495 947 1628 981 partem

245 988 406 1026 accipere.
453 987 612 1019 Ceterum
637 987 664 1017 si
688 998 830 1018 excurso
854 987 964 1025 spatio
988 987 1030 1018 ad
1056 998 1250 1025 supremam
1276 998 1381 1026 usque
1406 992 1530 1018 metam
1556 997 1629 1025 per-

245 1033 410 1068 venerint,
433 1031 469 1062 hi
495 1032 651 1070 profecto
675 1032 835 1062 certiores
863 1037 963 1062 erunt
988 1042 1040 1063 me
1066 1031 1107 1062 ab
1133 1032 1225 1062 omni
1251 1037 1322 1063 tum
1351 1031 1529 1062 dicacitate
1558 1036 1628 1062 tum

245 1077 352 1107 livore
382 1087 524 1115 prorsus
557 1076 706 1107 alienum
739 1086 819 1107 esse.
875 1076 932 1106 Illi
963 1086 1037 1106 mea
1068 1076 1206 1114 quidem
1239 1076 1408 1107 sententia
1441 1076 1628 1107 damnandi

245 1127 323 1151 sunt
360 1121 416 1159 qui
455 1121 604 1159 genuino
640 1121 738 1152 dente
776 1131 1050 1159 unumquemque
1086 1120 1236 1151 lacerare
1273 1120 1442 1155 studeant,
1478 1120 1628 1159 quando-

245 1166 382 1202 quidem
403 1176 444 1196 ex
461 1165 641 1196 Theonina
660 1165 883 1196 mordacitate
902 1164 1033 1196 nullam
1055 1170 1143 1196 certe
1166 1164 1312 1203 gloriam
1332 1165 1466 1203 assequi
1486 1164 1628 1203 possint.

247 1210 411 1248 Quisquis
449 1210 664 1248 praeclarum
705 1215 804 1248 atque
842 1209 1035 1240 immortale
1074 1220 1197 1240 nomen
1235 1210 1383 1245 affectat,
1420 1220 1458 1240 ea
1498 1220 1630 1248 semper

246 1254 379 1291 agenda
401 1259 496 1292 putet
516 1254 558 1285 ob
579 1265 664 1292 quae
686 1264 754 1284 non
776 1254 877 1284 modo
899 1253 1107 1284 instantibus
1129 1254 1186 1285 sed
1208 1255 1310 1284 etiam
1335 1254 1463 1285 futuris
1486 1253 1630 1284 saeculis

246 1299 465 1337 approbetur.
521 1298 691 1337 Quocirca
728 1299 934 1336 Dionysium
971 1304 1155 1336 tyrannum
1189 1298 1367 1329 admonuit
1402 1298 1540 1329 divinus
1572 1298 1629 1328 ille

249 1343 355 1376 Plato,
397 1348 432 1374 ut
471 1343 681 1381 insequentis
720 1343 881 1381 temporis
919 1353 1036 1374 curam
1077 1353 1208 1381 semper
1247 1342 1441 1374 habendam
1482 1343 1629 1374 duceret.

247 1387 394 1426 Quantis
421 1392 454 1418 et
483 1387 630 1426 publicis
657 1392 689 1418 et
716 1388 862 1426 privatis
890 1387 1106 1418 contumeliis
1135 1388 1203 1418 iam
1234 1388 1294 1418 diu
1325 1398 1344 1418 a
1372 1387 1539 1418 maledico
1570 1387 1630 1418 illo

250 1432 354 1463 Balbo
378 1432 520 1470 indigne
542 1437 703 1463 oneratus
728 1432 865 1467 fuerim,
888 1432 1045 1470 equidem
1069 1431 1186 1462 nullus
1210 1431 1338 1470 lippus,
1360 1431 1476 1463 nullus
1503 1436 1631 1468 tonsor,

246 1476 361 1507 nullus
389 1476 536 1515 deniqtue
561 1476 662 1507 cerdo
687 1481 747 1512 est,
772 1477 829 1515 qui
859 1476 940 1507 satis
969 1487 1137 1515 superque
1162 1481 1374 1515 compertum
1401 1487 1469 1507 non
1496 1476 1629 1507 habeat.

245 1521 373 1551 Tamen
403 1521 500 1552 nulla
531 1532 693 1559 umquam
725 1520 881 1552 molestia
911 1521 1053 1551 affectus
1085 1531 1178 1557 sum;
1213 1521 1440 1551 inconstantis
1473 1520 1563 1551 enim
1593 1532 1630 1552 ae

247 1565 362 1596 stolidi
379 1565 529 1596 hominis
550 1565 782 1596 oblocutiones
803 1565 890 1595 nihil
910 1565 1049 1596 omnino
1070 1565 1248 1596 faciendae
1268 1570 1357 1596 sunt.
1402 1564 1514 1603 Quam
1534 1565 1630 1597 levis.

246 1620 348 1647 quam
372 1610 519 1648 ineptus,
541 1621 643 1648 quam
669 1609 809 1646 delirus,
834 1620 937 1648 quam
958 1610 1100 1640 insanus
1126 1609 1252 1640 Balbus
1277 1610 1330 1645 sit,
1356 1609 1408 1640 vel
1434 1620 1474 1641 ex
1497 1609 1631 1641 duabus

247 1659 379 1685 tantum
404 1653 504 1685 rebus
531 1654 633 1685 facile
657 1654 787 1692 percipi
812 1659 932 1692 potest.
981 1654 1067 1685 Cum
1092 1653 1243 1692 primurn
1268 1654 1303 1684 in
1329 1654 1392 1685 hoc
1416 1658 1485 1684 tam
1510 1653 1631 1685 floren-

247 1699 416 1729 tissimum
447 1703 583 1737 tamque
616 1698 866 1736 amplissimum
900 1698 1127 1736 Gymnasium
1156 1698 1332 1734 concessit,
1362 1698 1531 1730 nonnulla
1563 1698 1631 1737 epi-

247 1748 449 1781 grammata,
481 1743 608 1781 partim
640 1742 681 1773 ab
712 1742 856 1774 Octavio
888 1742 1066 1781 Cleophilo
1099 1743 1298 1781 composita,
1331 1742 1458 1781 partim
1488 1754 1529 1774 ex
1559 1743 1631 1774 Titi

248 1787 371 1818 Strocii
397 1787 516 1826 elegiis
541 1792 709 1826 excerpta,
736 1787 873 1818 nomine
901 1798 962 1818 suo
988 1787 1107 1823 edidit,
1134 1798 1200 1825 quo
1226 1787 1316 1818 inter
1343 1786 1462 1819 Gallos
1489 1787 1632 1819 huiusce

248 1832 294 1862 rei
318 1832 459 1870 ignaros
484 1831 631 1863 subitam
655 1831 828 1870 quandam
849 1831 986 1862 laudem
1012 1831 1212 1869 acquireret.
1262 1831 1296 1863 Si
1320 1842 1389 1870 qua
1412 1842 1491 1863 vero
1513 1832 1630 1863 indus-

248 1876 314 1906 tria
335 1886 406 1912 sua,
428 1886 514 1915 quae
534 1876 718 1907 admodum
738 1886 848 1914 pauca
867 1881 956 1911 sunt,
978 1875 1202 1909 elucubravit,
1225 1886 1264 1907 ea
1283 1876 1398 1907 omnia
1418 1876 1469 1907 vel
1492 1876 1631 1907 dissona

248 1921 415 1951 sententia
436 1920 488 1952 vel
512 1920 612 1951 falsis
635 1920 776 1959 syllabis
797 1920 849 1951 vel
870 1920 1035 1951 mendosa
1055 1921 1282 1959 grammatica
1302 1920 1481 1959 pueriliter
1501 1919 1630 1952 claudi-

247 1976 322 1996 care
344 1975 442 1996 nemo
463 1970 512 1996 est
530 1970 618 1996 certe
638 1965 696 2003 qui
718 1964 856 1996 nesciat.
900 1965 1029 1996 Cornix
1050 1965 1117 1995 ista
1137 1964 1278 1995 furtivis
1300 1965 1437 1996 tandem
1458 1964 1631 1996 coloribus

248 2010 421 2041 denudata
447 2020 515 2040 non
543 2010 694 2040 modicos
720 2009 858 2048 quidem
884 2009 974 2040 risus
1002 2009 1146 2040 exhibet.
1200 2009 1234 2041 Si
1262 2009 1460 2041 Christiano
1488 2014 1520 2040 et
1545 2010 1631 2040 veri-

248 2055 323 2085 dico
351 2054 454 2085 verbo
479 2054 698 2090 adhaesisset,
724 2053 946 2085 intellexisset
971 2054 1127 2093 profecto
1155 2053 1242 2084 nihil
1269 2059 1338 2085 tam
1363 2054 1534 2085 oecultum
1559 2063 1630 2085 esse

248 2098 339 2136 quod
363 2098 550 2137 aliquando
573 2098 642 2129 sole
666 2099 742 2137 ipso
763 2097 890 2129 clarius
912 2108 980 2129 non
1005 2098 1183 2131 elucescat.
1232 2098 1300 2137 Qui
1324 2098 1425 2130 semel
1450 2099 1631 2130 temerario

249 2154 333 2174 ausu
358 2142 486 2174 alienos
514 2142 578 2174 sibi
603 2142 737 2174 labores
763 2143 971 2182 ascripserit,
995 2143 1129 2174 tametsi
1155 2143 1334 2181 egregium
1361 2142 1519 2182 deinceps
1544 2153 1631 2182 opus

247 2187 395 2223 excudit,
421 2187 455 2218 id
483 2198 671 2226 numquam
698 2198 738 2218 ex
765 2187 899 2218 officina
926 2197 989 2218 sua
1011 2187 1164 2218 emisisse
1191 2192 1356 2219 censetur.
1409 2187 1501 2226 Quin
1527 2187 1632 2219 immo

249 2242 345 2263 veros
374 2232 522 2263 artifices
549 2232 750 2271 plerumque
776 2236 950 2270 suspectos
977 2231 1100 2267 reddit,
1129 2231 1331 2270 praesertim
1359 2231 1450 2270 apud
1478 2242 1534 2263 eos
1560 2232 1630 2271 qui,

247 2287 323 2307 cum
357 2276 480 2312 obtusi,
512 2277 630 2316 ignavi
660 2281 692 2308 et
721 2275 861 2307 barbari
894 2276 972 2312 sint,
1005 2276 1159 2314 quemvis
1191 2275 1297 2307 alium
1327 2287 1367 2307 ex
1398 2276 1540 2315 ingenio
1570 2287 1632 2308 suo

248 2321 401 2352 iudicare
429 2320 546 2352 solent.
600 2321 733 2352 Deinde
762 2331 802 2352 ex
832 2320 940 2352 Balba
968 2320 1076 2351 nobili
1105 2320 1243 2359 quidem
1271 2331 1309 2351 ac
1337 2320 1466 2352 illustri
1497 2319 1634 2352 familia

251 2365 396 2396 Balbum
424 2365 488 2396 sibi
513 2365 580 2404 ipsi
604 2370 868 2404 cognomentum
896 2365 1088 2403 usurpavit,
1115 2375 1192 2396 cum
1219 2376 1259 2396 ex
1285 2364 1386 2396 domo
1413 2364 1575 2396 Accelina
1599 2370 1631 2396 et

248 2409 403 2440 obscuris
430 2409 636 2448 abiectisque
663 2409 863 2448 parentibus
887 2414 1000 2441 ortum
1024 2419 1095 2441 esse
1120 2413 1260 2440 constet.
1312 2409 1438 2440 Inertis
1461 2408 1574 2441 hercle
1599 2414 1632 2440 et

247 2454 443 2493 insipientis
472 2454 577 2485 animi
606 2459 655 2485 est
685 2459 867 2493 parentum
896 2454 1117 2492 quantumvis
1146 2453 1354 2492 ignobilium
1384 2453 1522 2493 pudere.
1576 2453 1637 2484 In-

1442 2506 1499 2537 113
