1840 2731
849 109 1096 142 BUCOLICA

284 220 504 269 Exsequar,
527 220 675 258 invitus
696 226 903 269 rumpetur
925 220 1058 266 Livor,
1081 226 1119 258 et
1139 226 1247 258 atros

285 276 335 313 In
361 288 432 314 sua
458 282 661 314 convertet
687 276 824 313 dentes
852 282 890 314 et
916 277 1069 314 viscera
1093 288 1259 322 morsus,

285 331 343 368 Ut
367 332 476 368 canis
496 332 537 368 in
560 343 640 369 sese
662 331 801 370 dentes
823 332 1003 369 rabiosus
1025 338 1161 369 acutos

282 387 442 424 Acriter
461 387 643 433 obvertit,
665 393 877 437 postquam
896 388 1045 425 saevire
1063 393 1254 436 negatum
1274 393 1332 425 est

286 442 442 491 Corpus
464 444 504 479 in
527 449 745 490 externum,
769 455 971 492 vanasque
992 443 1156 480 latravit
1176 444 1217 479 in
1239 455 1366 480 auras

284 498 362 536 Sed
384 498 582 548 reliquum
602 510 823 547 properans
842 511 1064 536 sermonem
1084 499 1288 547 intercipit
1312 498 1482 547 Hesper,

286 555 340 591 Et
362 561 518 592 saturas
541 554 591 591 ad
615 554 737 603 plena
758 555 879 592 boves
902 556 1111 603 praesepia
1134 555 1242 603 cogit

287 610 454 647 Ducere.
516 610 635 657 Quod
655 616 844 658 superest,
866 622 956 647 cum
975 611 1150 647 crastina
1169 609 1329 647 fulserit
1349 610 1458 656 hora,

285 666 471 714 Accipies
483 678 494 713 ;
518 667 607 712 iam,
632 667 712 703 iam
733 677 847 703 caeco
871 678 1081 715 surgamus
1102 666 1150 703 ab
1174 672 1300 703 antro.

808 848 1042 886 ECLOGA
1075 849 1146 886 IV.

553 960 752 998 cantatur
776 960 905 997 victor
929 960 1100 997 certanti
1127 960 1297 998 Carolus
1326 973 1404 1005 ore,

590 1028 725 1077 Atque
744 1039 848 1065 nova
868 1027 1013 1066 Gallus
1034 1027 1203 1076 coniuge
1220 1028 1371 1076 gaudet
1390 1039 1496 1076 ager.

657 1129 838 1167 CEDRUS.
898 1128 1084 1167 LAURUS.
1146 1129 1296 1167 PINUS.

896 1230 1061 1268 cedrus.

343 1309 484 1355 Laure,
507 1309 604 1358 quid
626 1310 829 1347 absentem
850 1308 1005 1347 tumida
1025 1321 1088 1346 me
1109 1321 1205 1347 voce
1227 1309 1414 1346 lacessis?

289 1365 355 1402 En
372 1365 513 1403 adsum
531 1365 765 1414 intrepidus,
785 1377 858 1403 nec
874 1365 983 1403 bella
1001 1365 1155 1402 indicta
1172 1377 1309 1402 recuso

290 1421 539 1459 Garrulitate
558 1427 638 1458 tua.
698 1422 834 1459 Torvo
855 1421 951 1470 quid
972 1421 1123 1458 lumine
1144 1420 1320 1458 Cedrum

290 1478 473 1526 Respicis
495 1478 736 1515 instantem?
761 1477 877 1515 fumo
897 1489 979 1515 non
1001 1483 1150 1514 terreor
1173 1477 1246 1514 illo

290 1533 421 1581 Quem
444 1533 593 1582 lagana
615 1535 803 1571 emittunt
826 1533 952 1582 paleis
978 1533 1179 1570 ferventia
1202 1533 1326 1570 tostis.

893 1624 1062 1670 Laurus.

347 1712 503 1749 Nubila
522 1713 554 1750 si
576 1711 740 1761 fulgens
759 1713 800 1749 in
821 1718 1003 1760 tempora
1021 1712 1191 1749 vertitur
1211 1723 1289 1757 aer,

293 1768 367 1805 Nil
387 1769 533 1805 mirum
554 1774 622 1814 est,
645 1769 732 1805 viso
752 1780 843 1805 cum
863 1780 986 1816 capra
1006 1767 1103 1805 haec
1122 1766 1303 1804 marcida
1323 1766 1446 1805 faeno

290 1824 470 1861 Vitanda
491 1824 619 1861 irritet
641 1824 856 1873 religatum
879 1835 1029 1861 cornua
1050 1829 1221 1861 taurum.

900 1923 934 1961 C
937 1924 1065 1961 edrus.

345 2004 483 2042 Audes
502 2016 594 2041 rasa
614 2016 736 2052 pecus
758 2005 912 2052 crepitu
933 2003 1072 2041 balare
1093 2004 1305 2041 trementi?

293 2060 371 2098 Seu
390 2060 544 2098 levibus
564 2060 728 2097 calamis
747 2060 882 2106 libeat,
905 2072 973 2097 seu
991 2071 1087 2097 voce
1108 2071 1262 2105 sonora,

292 2116 385 2154 Sive
405 2116 503 2165 agili
524 2116 629 2153 saltu
649 2121 717 2153 aut
739 2115 839 2153 forti
861 2121 1011 2153 certare
1032 2115 1236 2164 palaestra

292 2172 375 2210 Aut
393 2172 522 2209 iaculo
543 2172 673 2218 celeri,
693 2172 774 2209 iam
790 2173 870 2208 iam
886 2183 1000 2208 mora
1017 2172 1148 2220 segnis
1167 2171 1313 2208 abesto.

896 2272 1065 2309 Laurus.

350 2350 385 2388 O
408 2356 559 2400 quanta
578 2350 725 2387 infelix
746 2350 963 2398 opprobria
982 2350 1111 2386 victus
1132 2349 1308 2394 habebis

295 2406 445 2444 Omnia
463 2407 496 2443 si
515 2405 668 2443 fuerint
687 2406 887 2454 praesenti
906 2406 1048 2443 emissa
1067 2405 1203 2442 duello

295 2462 389 2503 Hoc
407 2461 562 2503 inclusa
579 2462 669 2501 sinu
687 2461 925 2513 cerebroque
944 2467 1104 2514 reposta
1122 2459 1341 2514 profundo.

1612 110 1664 148 33

1595 611 1668 646 130

1629 2059 1675 2095 10
