1840 2731
889 104 1136 136 BUCOLICA

320 214 456 253 Vicini
483 215 627 253 tellure
653 216 714 253 sui
741 215 951 264 redituque
977 215 1106 253 beato.

322 270 486 319 Semper
515 271 683 308 honesta
711 270 844 319 fugit3
877 270 1049 319 pathicis
1079 271 1227 318 stipata
1257 269 1432 307 cinaedis

322 326 434 363 Huic
460 333 616 364 tantum
640 337 823 374 caupona
847 326 992 374 placet,
1020 325 1171 374 talique
1196 325 1331 362 diurni

323 381 604 431 Nocturnique
626 374 747 418 'simul
773 381 1010 430 scelerisque
1036 382 1219 418 inventor
1246 381 1383 429 iniqui.

322 437 380 474 Ni
402 436 540 483 fallor,
564 437 680 474 radix
703 443 908 474 tantorum
930 438 1091 484 incepta
1110 436 1310 473 malorum

321 493 504 530 Ventura
520 505 601 530 non
618 499 747 530 morte
765 492 880 530 cadet
895 504 905 539 5
928 504 998 529 ceu
1017 504 1185 541 quercus
1205 491 1345 529 adulta

322 548 538 586 Diffundet
559 560 705 585 vacuas
726 548 895 585 ramalia
917 548 1041 597 longa
1060 560 1130 596 per
1153 559 1280 584 auras.

323 604 408 641 Ista
428 605 478 641 sit
496 616 519 641 o
542 604 676 652 potius
696 603 834 640 valida
854 616 923 641 seu
944 615 1058 640 caesa
1078 603 1254 651 bipenni,

321 659 400 697 Seu
423 659 575 708 rapidis
600 666 740 697 exusta
761 659 880 707 rogis,
907 671 1026 708 quam
1052 658 1198 696 fronde
1222 664 1390 696 nocente

321 714 546 753 Letiferum
572 727 731 764 germen
756 715 872 751 radix
896 714 1050 752 infecta
1074 715 1262 752 remittat.

322 770 558 820 Numquam
582 771 750 819 speratis
775 770 985 807 commissa
1010 769 1172 818 piacula
1195 770 1335 818 poenis

321 826 507 864 Perditus
528 827 601 864 iste
623 826 718 872 luet,
744 827 900 874 genitus
923 827 991 874 qui
1014 826 1163 862 crimen
1186 825 1237 862 ad
1259 826 1393 873 ipsum

319 881 449 919 Ardet
471 882 513 918 in
536 893 652 919 omne
675 882 803 919 scelus
826 881 1065 930 laudemque
1090 893 1138 918 ex
1162 881 1327 918 crimine
1352 881 1518 929 quaerit.

322 937 514 986 Improba
539 949 621 974 non
648 949 838 986 umquam
866 937 1009 985 capitis
1037 936 1186 974 delicta
1212 935 1383 973 nefandi

322 993 530 1041 Impunita
551 993 712 1041 vigent;
739 993 917 1041 sequitur
939 1005 1010 1030 sua
1032 1004 1162 1040 poena
1184 998 1383 1037 nocente5‚

274 1044 280 1049 ’
322 1048 401 1086 Seu
423 1049 553 1094 velox,
580 1060 648 1086 seu
672 1048 800 1094 tarda,
826 1049 943 1085 viros.
1004 1047 1082 1086 Sed
1107 1049 1271 1085 numine
1296 1047 1438 1084 dextro

320 1103 472 1142 Sedula
493 1105 736 1152 proveniunt
759 1105 935 1141 sincerae
958 1104 1138 1152 praemia
1159 1104 1276 1140 vitae.

324 1160 484 1197 Ieiunas
516 1171 725 1208 pascamus
757 1172 849 1197 oves
881 1159 1122 1207 Christoque
1152 1159 1321 1196 merenti

321 1215 532 1253 Solvamus
560 1216 669 1252 tenui
695 1215 923 1252 modulatas
951 1215 1126 1252 carmine
1155 1220 1297 1263 grates.

829 1404 1064 1442 ECLOGA
1095 1405 1196 1441 XII.

506 1505 728 1543 Adversoem
751 1510 916 1554 superat
939 1503 1115 1542 tolerans
1139 1504 1337 1542 industria
1359 1508 1520 1550 sortem,

625 1573 792 1622 Semper
810 1578 847 1611 et
867 1585 915 1611 ex
934 1572 1078 1610 humili
1094 1572 1225 1621 surgit
1244 1573 1283 1609 in
1304 1572 1388 1609 alta
1405 1572 1506 1609 loco.

779 1674 968 1712 Mopsus.
1030 1674 1248 1712 CORYDON.

920 1774 1104 1823 stlopsus.

379 1853 500 1891 Unde
526 1854 612 1899 ista,
641 1865 663 1890 o
691 1853 892 1901 Corydon,
921 1852 1046 1890 laetos
1073 1858 1254 1889 armenta
1279 1864 1348 1900 per
1375 1863 1495 1900 agros

322 1909 508 1947 Herbida
533 1909 683 1946 lascivo
709 1909 915 1957 carpentia
940 1908 1091 1956 pabula
1114 1908 1275 1945 morsu?

913 2008 1114 2056 Corydon.

379 2086 552 2124 Lubrica
574 2087 765 2123 continuo
787 2086 906 2123 tellus
930 2098 1012 2123 non
1034 2086 1159 2123 imbre
1180 2085 1385 2131 madescit,

325 2142 479 2191 Mopse,
504 2154 576 2180 nec
598 2142 773 2179 excelsos
796 2154 949 2190 semper
973 2141 1162 2179 ferientia
1183 2147 1338 2178 montes

325 2199 514 2235 Fulmina
535 2204 776 2245 cernuntu13
801 2197 975 2235 nitidum
998 2204 1088 2246 post
1111 2204 1292 2245 tempora
1314 2196 1468 2234 caelum

323 2254 424 2291 Atra
449 2260 653 2292 serenatur
679 2254 931 2302 tenebrisque
956 2252 1111 2290 renidet
1137 2253 1300 2290 abactis.

920 2354 1104 2402 lldopsus.

378 2433 579 2480 Quorsum
605 2439 687 2470 tarn
711 2433 837 2482 longo
860 2434 1030 2480 repetita
1055 2431 1221 2470 exordia
1244 2432 1386 2469 versu?

1657 103 1701 141 57

1634 715 1707 750 130
