1840 2731
245 102 294 139 56
583 104 760 136 PUBLII
783 106 842 137 FA
854 105 967 138 USTI
988 107 1282 139 ANDRELINI

840 216 1025 266 Lycida&

299 303 382 341 Cur
405 316 487 342 non
511 306 588 342 ista
611 306 698 343 solo
723 308 879 344 sentina
902 314 1066 345 voratur
1091 308 1253 346 hiante?

243 358 325 396 Cur
350 360 512 408 pluvius
536 373 617 398 non
642 362 748 410 ignis
771 362 882 400 adest
908 365 977 412 qui
1001 370 1115 401 tanta
1140 370 1331 401 cremaret

245 414 413 452 Infandi
438 422 627 464 portenta
650 418 775 454 mali?
833 430 903 455 ceu
932 418 1108 456 Gomora
1133 419 1336 468 quondam

245 470 298 507 Et
328 471 503 509 Sodoma
531 474 678 511 exarsit
708 474 944 511 caelestibus
973 475 1117 512 obruta
1145 474 1325 513 flammis.

844 575 1028 623 Mopsus.

299 660 335 698 O
364 672 484 710 quarn
509 673 697 710 perversa
723 670 781 700 est
810 663 929 700 Balbi
955 670 1102 701 natura
1128 664 1304 712 profani,

245 716 359 764 Quae
385 717 529 755 melius
558 719 763 756 reticenda
790 718 872 756 fuit
900 731 1020 768 quam
1049 732 1178 768 pauca
1206 720 1359 758 referre

243 772 452 810 Sordentis
477 773 626 811 delicta
651 775 727 810 viri
741 787 751 822 3
781 775 977 813 brevitate
1003 776 1225 823 probantur

245 828 427 866 Crimina
453 841 554 878 quae
582 830 753 867 volitant
783 838 946 868 cunctos
976 831 1156 880 dispersa
1184 844 1255 880 per
1283 844 1412 881 agros.

245 884 423 922 Nauseet
444 886 522 923 ista
542 885 636 923 licet
657 886 819 932 scabies,
843 894 976 924 tamen
998 887 1112 924 ulcus
1135 894 1318 936 apertum

245 940 300 977 Et
322 941 451 977 sanies
473 948 697 978 monstrata
718 943 828 979 iuvat
852 954 1122 992 quoscumque
1145 943 1315 981 disertos

245 996 299 1033 Et
318 996 427 1033 mala
446 996 665 1035 conficiunt
685 1004 821 1035 cautos
842 999 975 1036 aliena
994 1005 1190 1036 notantes.

245 1052 286 1089 Si
307 1052 442 1090 videat
463 1059 570 1090 certo
592 1054 824 1091 coniunctas
848 1053 1010 1091 foedere
1031 1061 1182 1092 mentes

246 1108 554 1157 Concordesque
577 1110 743 1155 animos,
773 1110 988 1147 Discordia
1011 1111 1179 1147 seminat
1203 1122 1315 1148 arma

245 1163 441 1201 Unanimi
464 1173 640 1202 annexos
663 1172 770 1202 astro
795 1165 977 1202 fractura
1001 1166 1204 1214 gemellos

247 1219 455 1257 Candidus
479 1233 527 1257 en
552 1228 700 1268 pastor,
725 1222 794 1270 qui
821 1221 983 1258 Gallica
1006 1228 1195 1270 personat
1219 1234 1316 1259 arva

246 1276 436 1313 Carmine
458 1278 667 1323 concinno,
691 1278 831 1325 primis
854 1277 997 1314 dilexit
1020 1278 1068 1315 ab
1093 1278 1208 1314 annis

246 1332 441 1369 Divinum
465 1333 665 1370 ambrosio
687 1334 871 1370 sortitum
892 1340 1052 1371 nectare
1074 1346 1232 1379 nomen,

247 1388 301 1425 Et
321 1388 463 1436 parilis
484 1389 683 1426 crescebat
707 1401 829 1436 amor,
853 1401 943 1426 cum
965 1389 1142 1437 perfidus
1165 1390 1239 1427 iste

247 1444 473 1481 Fraudibus
496 1445 664 1481 occultis
686 1446 840 1481 vinctos
862 1445 1047 1481 dissolvit
1072 1452 1261 1482 amantes,

246 1500 342 1537 Heu
362 1512 483 1549 quam
504 1501 645 1549 lingua
664 1508 779 1538 nocet
801 1501 891 1538 diro
912 1501 1065 1538 suffusa
1085 1513 1238 1539 veneno

247 1555 300 1592 Et
325 1555 473 1605 Stygiis
497 1557 651 1593 imbuta
672 1557 813 1603 malis3
841 1569 922 1593 non
947 1569 1058 1594 ossea
1080 1557 1222 1605 lingua
1245 1563 1313 1602 est,

247 1611 396 1649 Omnia
422 1624 512 1649 cum
540 1613 644 1649 tritis
672 1613 739 1650 sed
767 1613 935 1660 dissipat
963 1625 1051 1649 ossa
1077 1613 1277 1649 medullis.

245 1668 320 1704 Ast
345 1668 583 1705 adamanteo
609 1668 780 1717 religata
805 1675 861 1705 est
889 1669 1019 1717 gratia
1042 1668 1149 1705 nodo

247 1723 300 1761 Et
327 1723 457 1761 solida
483 1724 693 1772 duplicata
719 1724 809 1769 fide,
840 1736 929 1761 cum
957 1724 1141 1772 proditus
1169 1730 1306 1761 auctor

248 1779 300 1816 Et
329 1780 613 1817 committentis
642 1786 739 1817 nota
766 1786 823 1817 est
851 1779 1020 1817 fallacia
1048 1780 1222 1828 linguae.

246 1835 331 1872 Hic
356 1847 506 1884 gnavos
530 1847 799 1884 quoscumque
822 1835 909 1872 odit
932 1835 1151 1884 rabidoque
1177 1835 1366 1884 probatos

248 1891 381 1928 Dente
398 1892 504 1928 viros
523 1891 673 1928 lacerat
692 1903 905 1940 morsuque
926 1898 1107 1928 cruentat
1127 1891 1268 1928 acerbo
1284 1903 1293 1937 ς

246 1947 380 1984 Testis
401 1946 512 1984 adest
535 1946 723 1995 Corydon
745 1953 900 1984 teneros
921 1948 989 1995 qui
1011 1947 1176 1995 corrigit
1197 1958 1323 1983 annos

247 2002 346 2039 Arte
370 2002 640 2048 Palaemonia,
667 2004 776 2039 testis
803 2003 1038 2048 Meliboeus,
1065 2008 1102 2040 et
1129 2002 1234 2047 Idas,

248 2058 411 2095 Pectine
431 2058 563 2095 vocali
586 2058 815 2106 stupefacta
837 2059 1000 2095 arbusta
1021 2058 1234 2095 trahentes.

248 2114 360 2160 Quos
383 2113 503 2150 modo
528 2120 755 2161 praesentes
781 2113 884 2150 fictis
910 2113 1090 2150 laudavit
1116 2114 1262 2150 amicos

246 2170 438 2206 Vultibus
459 2177 495 2206 et
516 2169 627 2206 dulci
646 2170 771 2217 palpo
790 2181 880 2206 curn
900 2169 1018 2206 melle
1039 2169 1238 2217 perunxit,

249 2226 341 2273 Ipse
370 2226 556 2262 venenati
586 2225 715 2262 cauda
744 2226 939 2273 serpentis
968 2231 1085 2261 acuta

248 2281 398 2329 Pungit
425 2287 462 2318 et
489 2281 669 2318 absentes
696 2280 784 2318 aloe
810 2280 997 2329 denigrat
1023 2292 1170 2317 amaro.

248 2336 378 2382 Illius,
404 2348 428 2373 o
453 2336 615 2384 Lycida,
642 2335 763 2373 factis
788 2337 963 2372 caritura
986 2336 1121 2372 relatis

247 2392 381 2429 Verba
406 2391 534 2428 fluunt
562 2392 687 2428 veluti
714 2393 860 2428 rimosa
888 2391 1054 2439 lympha
1080 2391 1224 2439 lagena

249 2447 492 2495 Deperitura
512 2446 598 2484 fluit
612 2459 623 2494 3
647 2459 800 2494 semper
823 2454 1029 2495 torquetur
1052 2447 1186 2494 opima

1578 778 1633 814 90

1559 1336 1634 1371 100

1560 1892 1635 1927 110

1559 2446 1637 2482 120
