1840 2731
212 148 260 182 92
451 147 664 179 JOAMVJS
687 149 925 180 ARNOLLE
933 149 981 180 Τ]
1002 149 1349 181 NJVERNENSJS

212 258 330 295 Tunc
347 261 499 296 nemori
519 261 723 297 committe
743 273 891 309 greges.
914 267 996 297 tum
1017 261 1199 308 protinus
1219 261 1341 296 imum

212 313 276 350 Ad
302 313 457 351 fontem
481 315 622 360 deduc,
647 327 718 352 nec
741 328 821 352 non
846 318 928 353 sine
952 323 1137 364 protegat
1161 316 1252 352 illos

218 369 372 406 Interea
398 382 498 419 quae
526 370 802 408 frondicomae
830 378 938 419 patet
967 372 1118 408 arboris
1145 371 1296 408 umbra.

217 425 305 472 Ipse
326 425 395 462 ubi
415 425 561 462 declivi
583 438 653 474 per
675 434 792 474 prata
815 434 1011 474 tepescere
1034 427 1125 464 Sole

212 481 399 526 senseris,
424 488 573 518 artatas
595 482 768 529 pecudes
790 484 925 519 emitte
948 494 1017 530 per
1041 495 1168 531 agros.

213 535 414 573 Nocturni
438 537 621 585 quotiens
646 538 811 574 instabit
837 540 1027 586 temporis
1054 539 1163 576 hora.

213 592 459 629 Cunctanter
481 599 636 630 saturas
658 593 830 641 pecudes
852 593 902 630 ad
925 594 1047 631 ovilia
1070 594 1196 631 trude.

266 648 319 683 At
341 649 476 696 capias
496 660 574 696 qua
595 650 673 685 sint
694 649 923 698 quaerenda
941 650 1087 686 viatica
1109 650 1227 686 canis.

214 703 285 740 Est
304 703 412 749 deus,
434 716 456 741 o
476 711 624 752 pastor,
647 711 728 742 toto
750 705 1000 743 venerandus
1022 707 1062 741 in
1082 705 1177 743 orbe

212 758 446 808 Cognomen
472 759 570 797 fecit
593 761 657 797 cui
682 761 855 797 candida
881 761 999 798 Musa
1028 761 1219 799 Parentis.

211 814 373 863 Quippe
395 827 540 863 parens
560 822 709 863 vatum‚
733 817 874 864 cuique
897 824 954 853 est
977 816 1157 853 custodia
1182 816 1306 854 fontis

211 870 391 917 Castalii,
418 870 581 908 Niveris
601 884 758 920 quoque
780 873 842 908 cui
864 872 1118 909 moderamen
1142 873 1332 909 inhaeret.

213 926 310 964 Eius
328 928 512 963 vernanti
532 928 793 976 praecingens
815 934 995 976 tempora
1019 928 1200 964 Phoebus

214 982 371 1019 Fronde
390 982 501 1020 dedit
521 983 726 1028 citharam,
748 994 891 1020 nervos
911 991 947 1020 et
969 984 1142 1020 eburnea
1162 984 1325 1031 plectra.

211 1037 293 1074 Hic
317 1037 482 1075 Mavors
503 1045 668 1075 cunctos
690 1045 847 1076 tantum
869 1041 1133 1086 supereminet
1158 1040 1277 1076 armis

211 1093 418 1140 Quantum
440 1094 650 1141 praecellit
671 1094 846 1131 radianti
870 1094 1020 1131 lumine
1044 1095 1167 1131 Titan
1186 1107 1192 1135 2

210 1149 316 1186 Tum
335 1150 674 1187 summosubsunt
693 1150 786 1187 huic
805 1162 899 1187 rura
921 1150 958 1186 N
966 1151 1139 1187 ivernica
1160 1151 1253 1187 iure.

212 1205 374 1252 Excipit
399 1205 464 1242 hic
489 1211 604 1254 grato
627 1212 805 1253 pastores
830 1212 989 1254 pectore
1013 1205 1162 1242 doctos.

210 1260 307 1297 Otia
325 1260 491 1298 donabit
512 1262 617 1298 vitae
638 1261 859 1310 tranquilla
880 1262 1017 1298 beatae

210 1316 459 1365 Optabitque
484 1323 571 1354 tuos
596 1323 734 1354 cantus
759 1317 897 1354 audire
921 1318 1088 1354 theatro.

211 1371 357 1408 Coram
381 1372 466 1420 ipso
491 1372 686 1409 meditata
710 1373 786 1410 deo
807 1373 1082 1409 modulamina
1110 1385 1271 1421 panges.

209 1427 371 1464 Scilicet
390 1434 434 1464 ut
455 1427 576 1464 factis
598 1427 780 1465 Niverim
802 1428 998 1465 decorarit
1021 1429 1206 1465 honestis.

211 1483 267 1519 Ut
288 1490 443 1520 tantum
460 1495 636 1520 mereare
653 1483 783 1521 deum.
804 1483 994 1532 depromo
1015 1484 1205 1531 pharetra

212 1539 518 1587 Mnemosynum
539 1551 617 1588 quo
639 1546 676 1576 te
697 1540 821 1576 nostri
843 1541 1067 1577 meminisse
1090 1540 1252 1576 iuvabit.

214 1595 303 1632 Hac
325 1602 363 1631 te
387 1594 520 1632 Marte
541 1607 629 1632 meo
652 1602 862 1643 compacta
883 1595 988 1632 dono
1012 1596 1140 1631 cicuta

210 1651 301 1696 Qua
319 1650 555 1687 dimulcebis
574 1650 712 1687 doctas
732 1651 988 1688 concentibus
1008 1663 1122 1687 aures

208 1706 268 1742 Ac
287 1713 356 1742 tua
375 1705 548 1754 fagineis
568 1706 638 1743 sub
658 1705 871 1743 frondibus
893 1707 972 1743 otia
994 1706 1118 1743 ludes.

210 1762 334 1798 Hunc
357 1762 505 1799 extolle
527 1761 646 1799 deum
668 1769 799 1807 cantu,
824 1762 921 1799 dum
943 1774 1041 1798 rana
1063 1763 1223 1810 paludis

209 1817 327 1854 Vivet
348 1829 462 1866 aqua,
485 1817 583 1854 dum
603 1817 796 1854 tollentur
818 1817 1061 1866 lampyrides
1083 1818 1168 1854 alis.

213 1873 419 1909 Proximus
439 1873 532 1909 huic
552 1873 727 1920 prudens
750 1873 882 1910 Guido
907 1874 1162 1922 Bourgoinus
1181 1880 1393 1911 veneratur

211 1928 244 1964 A
268 1929 444 1975 cunctis;
470 1936 527 1965 est
550 1929 618 1977 qui
643 1935 679 1965 te
703 1929 941 1966 dexteritate
964 1929 1113 1966 levabit

215 1983 298 2029 nte,
321 1995 445 2031 nepos
466 1984 598 2021 clarus
619 1985 808 2021 celebrati
831 1986 978 2033 quippe
1003 1985 1194 2021 Parentis.

214 2039 389 2076 Primum
415 2040 582 2076 consilio
609 2040 734 2087 pollet
760 2041 921 2088 pietatis
948 2040 1109 2085 honore,

214 2094 387 2131 Illustris
411 2095 565 2142 patriae
590 2102 702 2142 pater
725 2103 782 2132 est
808 2101 844 2132 et
870 2095 976 2132 doxa
1003 2095 1183 2133 Niverni.

209 2150 372 2187 Auxilio
392 2151 553 2195 τῶρνεα,
574 2152 669 2187 sorti
689 2151 883 2187 succurrit
903 2150 1090 2197 acerbaeg

210 2206 415 2242 Virtutum
442 2218 610 2254 magnus
639 2206 833 2251 cumulus,
862 2206 1119 2243 celeberrima
1147 2214 1266 2254 gesta.

212 2261 383 2298 Dotibus
408 2261 614 2298 exundans
640 2268 762 2298 scatet
787 2261 851 2298 hic
877 2261 1086 2298 Bolacrius
1110 2262 1245 2299 alveus

211 2317 306 2353 Iura
328 2322 464 2354 tenens
487 2316 595 2354 docti
618 2316 711 2354 fusa
733 2317 804 2354 sub
828 2318 999 2365 pectoris
1021 2328 1136 2363 arca3

210 2371 363 2409 Urbem
386 2372 553 2409 consilio
575 2372 805 2409 moderatur
829 2373 904 2409 rite
929 2371 967 2407 N
974 2373 1162 2409 ivernam.
1220 2370 1230 2377 ’

209 2427 293 2464 Hic
311 2427 465 2464 medica
485 2427 625 2464 doctor
646 2427 879 2475 praefulget
899 2427 1066 2464 clericus
1087 2434 1170 2465 arte

209 2482 335 2520 Cuius
354 2483 552 2530 praesidio
574 2483 713 2520 morbo
733 2483 915 2531 plerique
934 2483 1142 2530 levantur3

1544 316 1594 350 30

1543 874 1593 908 40

1545 1429 1592 1466 50

1541 1985 1592 2021 60
