1840 2731
211 133 261 172 24
550 133 725 168 PUBLJJ
748 137 807 169 ΕΑ
818 134 930 170 USTJ
953 132 1246 169 ANDRELINI

782 249 1012 297 Faustulus.

265 327 369 365 Cum
391 327 508 374 foret,
532 328 619 374 heu,
645 329 801 377 genitor
823 329 941 366 multi
963 329 1183 366 ditissimus
1205 329 1303 377 agri,

211 383 339 430 Dixit,
365 383 372 398 ‘
392 384 439 421 Io
461 383 563 421 felix
584 396 777 433 magnum
797 391 899 433 pete,
926 385 1127 431 Faustule,
1154 384 1275 428 Pana,

210 439 338 476 Haud
359 441 512 488 patrias
533 440 709 478 rediture
732 440 882 487 domos,
906 441 983 477 nisi
1006 441 1185 477 carmina
1207 451 1311 488 pago

211 495 418 532 Invidiosa
440 502 508 533 tuo
530 495 649 533 docta
668 496 875 534 modulere
898 498 1029 533 cicuta
1045 496 1066 533 ⁷.

211 550 339 597 Dixit,
364 557 402 588 et
424 552 632 589 innumero
656 552 819 600 plenam
843 552 953 589 dedit
977 564 1066 589 aere
1090 563 1328 589 crumenam.

210 606 295 644 Hic
316 607 453 645 docuit
476 608 650 645 calamos
672 608 795 645 labris
817 607 957 645 inflare
980 619 1144 645 sonoros

210 662 250 698 N
257 674 300 700 ec
319 675 478 700 carmen
498 664 656 700 triviale
676 664 783 710 deus,
806 663 913 712 quod
934 664 1099 712 Tityrus
1119 664 1203 711 ipse

210 718 253 756 Si
273 719 394 756 semel
416 719 601 766 audisset,
625 726 784 757 tenuem
805 719 992 768 fregisset
1014 731 1181 757 avenam

211 774 304 821 Qua
324 787 396 812 sua
415 774 589 824 fagineis
612 775 682 812 sub
705 775 919 813 frondibus
942 776 1023 812 otia
1044 776 1151 812 lusit.

212 830 347 868 Iubila
367 842 457 868 cum
478 843 661 868 canerem
680 833 826 868 nostris
847 832 1054 880 incognita
1076 831 1196 877 silvis,

212 887 305 934 Ipse
324 898 397 936 ego
416 887 543 924 rurali
563 899 649 924 sum
669 887 802 924 factus
822 887 1016 936 Apolline
1036 894 1156 933 vates,

211 941 501 992 Serpentesque
525 944 622 980 meis
649 943 815 980 hederas
844 943 1081 992 laurumque
1106 943 1300 979 virentem

212 997 401 1036 Crinibus
423 1000 612 1047 imposuit
627 1011 637 1046 3
662 1011 790 1048 pagus
810 1011 893 1036 non
914 1000 1062 1035 inscius
1085 1004 1223 1036 exstat.

212 1054 393 1092 Muneris
419 1056 573 1103 accepti
599 1054 716 1092 dulce
742 1061 800 1092 est
823 1055 1049 1092 meminisse
1075 1055 1268 1091 levamen.

213 1110 373 1147 Interea
396 1112 592 1158 promissa
615 1117 729 1159 pater
754 1110 985 1148 vadimonia
1008 1110 1168 1148 solvens

211 1166 313 1203 Rem
338 1172 462 1203 totam
483 1166 681 1214 exhausit,
707 1178 822 1204 saevo
849 1172 1015 1215 cogente
1040 1172 1221 1215 tyranno,

212 1221 265 1258 Et
285 1234 373 1259 mea
392 1222 556 1259 libertas
575 1222 730 1268 cecidit⁷
753 1222 994 1271 dominoque
1015 1228 1176 1259 coactus

213 1278 380 1326 Ingrato
408 1279 554 1315 servire
583 1278 644 1314 fui
658 1290 668 1326 3
698 1290 793 1315 nam
818 1278 979 1324 tradita,
1009 1277 1159 1327 Lygde,

213 1333 343 1371 Nulla
364 1333 477 1371 fuere
497 1346 585 1371 meo
606 1333 844 1382 compendia
862 1334 988 1383 digna
1006 1334 1154 1371 labore.

213 1389 302 1426 Iam
324 1396 464 1438 quater
487 1390 613 1426 incisa
635 1396 693 1427 est
715 1389 878 1427 flaventi
900 1390 1037 1427 messis
1059 1390 1103 1426 in
1126 1401 1223 1438 agro

213 1444 278 1481 Ex
297 1457 376 1494 quo
395 1446 476 1482 tale
495 1446 634 1495 iugum
654 1446 780 1493 subii,
804 1445 901 1482 dum
921 1446 1089 1482 sustinet
1109 1451 1228 1491 aetas,

211 1500 314 1538 Sunt
331 1501 430 1538 alibi
446 1502 599 1538 miseris
618 1501 846 1550 quaerenda
862 1502 1011 1538 viatica
1029 1501 1149 1538 canis.

811 1602 989 1650 Lygdus.

267 1679 346 1717 Pro
371 1681 487 1717 certis
510 1681 663 1717 incerta
685 1681 787 1729 petis
801 1692 812 1728 3
840 1692 923 1718 sors
947 1680 1086 1717 durior
1110 1686 1221 1726 esset,

212 1735 255 1773 Si
276 1735 388 1773 fieret
409 1736 595 1774 dominus
614 1737 828 1785 peregrina
848 1737 1045 1786 ingratior
1065 1748 1145 1773 ora.

785 1835 1016 1874 Faustulus.

268 1914 417 1963 Lygde,
440 1914 540 1951 mihi
562 1914 720 1952 rediens
740 1915 947 1963 quaerenti
969 1914 1072 1951 dixit
1093 1914 1288 1963 Amyntas

214 1970 309 2007 Illic
328 1982 410 2007 esse
429 1970 547 2007 deum
566 1971 655 2008 miti
675 1971 823 2019 pietate
844 1970 1050 2008 foventem

214 2025 325 2073 Quos
344 2025 434 2063 fera
451 2027 691 2074 praecipitat
709 2025 797 2063 fato
819 2026 999 2063 Fortuna
1016 2027 1188 2063 sinistro.

213 2081 326 2118 Huic
349 2083 503 2119 animus
527 2082 678 2128 sollers,
702 2082 797 2119 huic
819 2088 876 2120 est
898 2082 1077 2130 pastoria
1098 2082 1226 2119 virtus

216 2136 354 2183 Grata,
376 2149 448 2175 nec
469 2138 622 2187 argutis
642 2138 779 2175 iuncta
799 2144 857 2175 est
877 2149 978 2187 quae
999 2136 1137 2174 fistula
1156 2137 1294 2174 cannis

215 2192 415 2241 Displicet
428 2206 438 2241 3
467 2199 637 2243 augusta
661 2194 693 2230 si
716 2194 923 2231 maiestate
947 2193 1143 2239 fruamur,

214 2248 307 2286 Hac
331 2248 496 2287 facilem
519 2249 662 2298 gracili
683 2248 885 2286 flectemus
908 2248 1105 2286 arundine
1127 2248 1276 2286 divum.

813 2350 989 2398 Lygdus.

270 2429 472 2475 Faustule,
496 2430 528 2466 si
548 2441 627 2478 qua
646 2430 704 2466 tui
725 2430 856 2478 tangit
876 2435 913 2467 te
935 2429 1066 2478 gratia
1085 2428 1229 2478 Lygdi,

215 2485 293 2522 Die
313 2497 397 2534 age,
419 2485 485 2522 dic
505 2485 614 2522 dulci
634 2485 858 2534 dispersum
876 2492 1037 2523 nectare
1058 2496 1227 2522 carmen.

1543 775 1593 810 30

1543 1333 1595 1369 40

1547 2136 1595 2174 50
