1840 2731
788 152 1035 185 BUCOLICA

225 264 336 301 Hinc
359 263 466 301 freta
488 263 572 300 lata
594 270 728 311 petam
748 263 812 300 vel
836 264 994 312 gurgite
1015 274 1174 311 mergar
1198 263 1238 299 in
1262 261 1347 299 alto

224 319 299 356 Vel
322 319 478 367 capiam
500 319 653 367 ingenti
675 320 894 367 spatiosum
917 318 1094 366 pondere
1116 318 1288 366 piscem;

225 374 308 412 Hic
325 375 402 412 nisi
421 380 644 423 pungentes
664 375 799 422 spinas
819 385 1063 422 caenumque
1082 372 1262 422 palustre

226 429 424 467 Prendere
447 430 506 466 nil
531 441 703 478 possum.
763 429 841 467 Sed
865 429 1025 466 mobilis
1049 430 1133 477 ipse
1159 429 1342 477 putabor,

225 484 345 532 Quod
371 485 478 533 pelle
504 485 690 533 indigner
717 485 892 533 propria.
955 484 1066 522 Male
1094 484 1285 532 providus
1313 495 1445 531 essem,

223 539 267 578 Si
290 541 449 589 plebem
472 541 666 578 incertam
691 552 897 589 sequerer;
924 540 1119 577 mutabile
1143 540 1290 588 vulgus

227 596 447 633 Fortunam
472 596 630 634 extollit
658 595 822 633 facilem
847 595 1069 644 duramque
1094 595 1311 643 reprendit.

226 651 319 689 Hoc
343 651 485 688 saltem
509 651 691 688 laudabit
716 652 790 689 iter
814 652 877 688 cui
900 657 1032 688 mente
1056 650 1265 699 profunda

227 707 441 744 Excellens
470 713 615 744 natura
645 707 802 754 subest3
837 713 914 745 stat
945 707 1117 755 pectoris
1149 706 1221 743 alti

227 762 428 809 Quaerere
458 761 665 799 fortunam
695 774 943 811 quacumque
972 763 1014 798 in
1043 768 1156 810 parte
1186 762 1387 799 latentem.

225 818 364 855 Virtus
391 829 482 855 rara
507 818 629 863 iuvat,
657 817 800 863 fateor,
828 817 896 854 sed
924 818 1122 854 maximus
1149 818 1229 863 ille,

229 873 306 910 Ille
330 873 427 911 deus
452 874 607 911 nostras
635 873 774 910 solitus
800 873 967 910 laudare
995 873 1202 918 Camenas,

228 928 409 965 Numina
433 929 576 966 dextra
601 928 712 966 dabit
738 929 990 977 reliquosque
1016 929 1056 965 in
1082 934 1176 965 vota
1201 928 1345 977 ligabit

228 983 381 1022 Nostra
405 984 511 1022 deos.
574 985 678 1032 Ipsis
704 997 764 1021 res
792 992 848 1021 est
875 996 956 1021 non
983 996 1109 1032 parva
1133 984 1311 1029 misellis,

227 1039 268 1077 Si
295 1039 430 1077 faveat
455 1046 614 1077 sanctus
640 1040 752 1077 caelo
775 1040 837 1076 vel
863 1039 970 1077 solus
996 1040 1036 1076 in
1063 1039 1156 1076 alto.

760 1232 995 1302 ECLOGA
1027 1265 1076 1301 X.

409 1387 541 1435 Regia
565 1387 866 1436 magniloquzmn
889 1387 1048 1432 faciunt
1070 1386 1273 1435 stipendia
1295 1391 1425 1424 vatem

483 1454 564 1502 Qm'
586 1457 744 1503 poterat
768 1453 902 1491 nullos
925 1459 1081 1503 pauper
1103 1453 1203 1491 inire
1225 1465 1354 1490 sonos.

709 1566 926 1604 ConDon.
989 1566 1128 1604 IOLAS.

819 1677 1019 1725 Corydon.

283 1767 470 1804 Tantane
497 1766 652 1803 visendi
682 1767 809 1804 tenuit
838 1778 950 1803 mora
978 1767 1093 1815 regis,
1128 1766 1227 1812 Iola,

230 1822 289 1859 Ut
313 1828 383 1859 tua
407 1823 569 1859 cessarit
594 1823 803 1859 taciturnis
829 1821 966 1859 fistula
989 1823 1129 1859 cannis

229 1877 381 1915 Parisio
405 1877 548 1915 defleta
569 1877 682 1914 solo?
739 1889 831 1914 narn
856 1877 1042 1926 garrulus
1067 1876 1161 1914 Idas

231 1932 380 1971 Omnia
405 1932 640 1981 disperdens
665 1945 829 1970 raucum
856 1945 926 1981 per
953 1933 1130 1981 compita
1156 1944 1313 1970 carmen

233 1989 394 2038 Ingenti
419 1988 607 2026 simulata
630 1988 723 2025 bovi
749 2000 819 2026 ceu
844 2000 943 2025 rana
967 1988 1156 2025 tumebat.

234 2044 379 2093 Ignoto
403 2044 542 2081 solitus
565 2044 729 2081 latuisse
751 2043 950 2081 foramine
973 2055 1088 2081 sorex

233 2099 328 2136 Non
352 2100 437 2137 viso
461 2099 594 2137 media
618 2099 779 2137 infenso
803 2099 961 2137 lascivit
986 2101 1026 2136 in
1052 2099 1156 2136 aula.

232 2155 340 2192 Tota
365 2154 432 2192 sed
459 2155 662 2192 absentem
689 2155 917 2192 clamabant
944 2167 1038 2192 rura
1065 2161 1235 2203 poetam,

234 2209 403 2248 Deliciis
426 2211 585 2258 privata
609 2211 689 2248 suis
703 2222 713 2257 3
741 2211 819 2247 nisi
843 2217 1022 2259 tempore
1048 2222 1132 2247 sero

233 2265 433 2303 Amissam
456 2265 604 2303 infelix
628 2266 797 2303 caudam
822 2278 903 2303 non
927 2266 1057 2303 noscit
1082 2265 1240 2311 asellus,

233 2321 395 2358 Scilicet
416 2322 576 2358 aestivis
598 2321 759 2370 quando
781 2321 1010 2358 stimulatus
1034 2321 1083 2358 ab
1106 2321 1246 2358 oestris

237 2376 314 2414 Ille
334 2376 435 2413 furit
453 2388 525 2413 nec
543 2376 663 2414 habet
683 2376 808 2414 denso
826 2389 904 2426 quo
925 2377 1049 2425 possit
1070 2376 1120 2414 ab
1141 2376 1255 2414 hoste

238 2431 448 2469 Offensam
474 2433 617 2469 texisse
643 2438 785 2477 cutem,
814 2432 882 2470 sed
910 2443 1076 2480 corpore
1103 2438 1187 2469 toto

235 2486 274 2523 N
279 2499 332 2525 on
358 2487 497 2524 evitati
524 2487 678 2535 patitur
705 2486 794 2525 fera
821 2487 989 2524 vulnera
1015 2498 1179 2524 morsus.

1553 152 1602 188 49

1558 317 1606 355 50

1558 873 1608 910 60

1573 2266 1615 2301 10
