1840 2731
883 136 1129 168 BUCOLICA

319 246 513 284 Materias
539 247 682 285 tellure
707 253 862 284 cavant.
922 247 1115 285 Sublatus
1138 247 1187 284 ab
1213 247 1299 295 ipso

313 302 482 351 Tityrus
506 303 692 351 Augusto
715 302 920 340 Mavortia
943 308 1126 351 coeperat
1150 314 1263 340 arma

318 357 521 396 Horribili
550 369 734 395 resonare
763 358 870 405 tuba,
901 369 1138 407 pressusque
1166 358 1348 406 maligna

319 413 561 462 Paupertate
585 414 703 451 miser
728 413 921 462 nullaque
947 413 1099 451 afflatus
1125 413 1174 450 ab
1201 425 1299 450 aura

318 469 398 506 Vix
422 470 632 506 minimum
657 468 823 506 rudibus
849 469 1017 506 culicem
1042 468 1202 506 deflevit
1228 469 1373 506 avenis.

316 524 383 562 Sic
404 536 489 573 ego,
511 525 568 562 sic
589 524 751 562 tandem
772 536 966 562 secessum
987 531 1127 562 nactus
1150 535 1360 561 amoenum

318 579 372 617 Et
396 580 513 628 pulsa
535 586 716 628 optatam
740 581 818 617 iam
842 586 1079 628 paupertate
1102 581 1276 629 quietern

318 635 467 673 Nescio
489 635 586 684 quid
610 647 802 685 magnum
827 636 958 673 tacitis
982 635 1135 673 excudo
1160 635 1231 673 sub
1257 635 1382 672 antris

320 691 492 728 Fabrilis
510 698 680 740 nequeat
700 698 784 728 tota
803 691 910 740 quod
929 691 1098 729 malleus
1117 698 1202 735 arte

318 746 499 794 Cudere3
524 758 618 784 nam
640 747 800 795 triplex,
823 759 903 795 quo
922 759 1003 784 non
1025 747 1293 795 praestantius
1313 745 1444 783 ullum

319 802 492 847 Eminet,
523 803 683 851 ingenio
714 802 1000 839 fabricandum
1028 808 1085 839 est
1113 814 1260 839 numen
1291 807 1329 839 et
1358 806 1453 838 arte.

318 858 452 906 Atque
475 859 582 906 ipsos
607 857 723 895 fulvo
749 857 939 895 conflatos
964 870 1053 895 aere
1077 858 1252 895 colossos

320 913 550 951 Marmoreo
570 914 610 950 in
632 914 783 962 templo
805 925 964 962 ponam,
989 914 1221 962 cunctisque
1245 911 1442 950 Kalendis

318 968 383 1005 Ad
409 980 566 1006 sacrum
591 976 726 1006 tauros
751 970 937 1006 mactabo
961 969 1089 1006 altare
1113 970 1296 1006 nitentes

319 1024 481 1062 Nobilis
504 1030 560 1062 est
584 1036 746 1072 campos
768 1026 891 1061 animi
913 1025 1080 1073 vulgare
1103 1036 1174 1073 per
1193 1036 1332 1062 omnes

316 1079 415 1117 Otia
437 1081 525 1129 quis
548 1080 702 1117 dederit
725 1081 831 1117 vitae
853 1080 1075 1129 tranquilla
1096 1081 1247 1118 beatae.

909 1193 1110 1242 Corydon.

371 1284 479 1321 Ante
499 1284 599 1322 alios
620 1284 723 1322 felix
744 1291 934 1333 pastores,
958 1285 1108 1334 profer,
1134 1286 1234 1332 Iola,

319 1339 492 1386 Gaudia,
519 1352 613 1377 nam
638 1347 844 1388 praestant
869 1343 997 1378 maius
1023 1349 1187 1380 narrata
1213 1343 1404 1380 levamen.

947 1442 972 1478 l
976 1441 1070 1480 olas.

372 1528 462 1566 Stat
483 1528 591 1575 deus,
618 1542 640 1567 o
665 1529 866 1578 Corydon,
892 1531 1110 1568 Rhemensi
1135 1543 1310 1570 summus
1335 1534 1376 1569 in
1401 1533 1496 1570 orbe

317 1584 512 1632 Regalem
532 1596 644 1622 sacro
666 1585 843 1623 frontem
862 1587 929 1635 qui
951 1588 1071 1635 tingit
1092 1587 1200 1625 olivo

317 1639 486 1677 Sedibus
508 1652 532 1677 a
553 1641 707 1688 superis
727 1642 858 1687 misso,
883 1643 947 1679 cui
969 1643 1054 1680 iure
1076 1643 1252 1691 regenda

319 1694 481 1732 Gallica
503 1696 700 1733 Caesareo
721 1698 931 1734 commissa
951 1704 1009 1735 est
1030 1699 1193 1736 numine
1215 1699 1346 1737 tellus.

318 1750 462 1788 Exstat
483 1758 520 1788 et
539 1751 642 1788 alter
661 1752 793 1789 adhuc
813 1753 953 1801 quovis
973 1753 1234 1791 celebrandus
1256 1755 1417 1801 honore,

318 1807 448 1855 Regia
473 1819 723 1845 communem
749 1807 846 1845 fecit
873 1820 991 1857 quem
1017 1821 1114 1846 cura
1138 1816 1354 1858 patronum

319 1862 492 1910 Imperio
518 1863 702 1900 consulta
724 1875 805 1900 suo.
868 1863 963 1901 Non
988 1872 1120 1912 posset
1143 1871 1358 1914 utrumque

319 1917 463 1955 Dicere
489 1918 630 1967 lingua
653 1918 772 1956 deum
797 1918 963 1957 milleno
991 1926 1152 1968 gutture
1176 1921 1296 1969 nixa,

318 1973 467 2011 Deficit
491 1974 710 2011 humanum
732 1981 846 2012 tanto
870 1975 940 2012 sub
965 1975 1142 2023 pondere
1166 1977 1298 2013 robur.

315 2029 478 2067 Scilicet
501 2036 558 2067 est
581 2031 742 2078 inopem
764 2031 973 2068 miseratus
996 2037 1162 2080 uterque
1185 2038 1385 2070 senectam

318 2085 372 2122 Et
393 2091 575 2122 nostrum
598 2092 787 2134 augustas
810 2097 955 2124 nomen
979 2087 1156 2135 portavit
1180 2087 1231 2124 ad
1256 2099 1381 2125 aures.

318 2141 502 2188 Iuppiter
522 2141 592 2178 ille
611 2152 738 2179 novus
759 2141 872 2179 fama
891 2142 1121 2190 compulsus
1141 2142 1281 2180 eadem

318 2195 388 2234 Me
413 2196 542 2233 voluit
568 2196 702 2234 medio
729 2203 958 2235 cantantem
984 2197 1123 2235 audire
1151 2198 1319 2237 theatro.

318 2251 376 2288 Ut
397 2252 571 2299 primum
592 2252 752 2298 intravi,
776 2253 900 2301 Tyrio
923 2254 1068 2290 vestita
1088 2253 1222 2291 colore

316 2306 501 2355 Corpora
526 2308 703 2356 spectavi
728 2307 916 2345 membris
943 2315 1152 2357 compacta
1180 2310 1322 2347 torosis

319 2362 620 2411 Pendentesque
646 2374 717 2400 suo
744 2369 904 2412 torques
933 2365 1133 2412 gestantia
1159 2364 1266 2402 collo
1279 2376 1290 2413 3

319 2417 373 2455 Et
394 2417 524 2455 nitida
544 2417 675 2455 fultus
697 2430 853 2467 gemma
874 2419 1149 2457 circumdabat
1171 2420 1279 2457 orbis

319 2471 351 2509 F
355 2484 511 2511 ormoso
530 2473 678 2522 digitos
699 2473 857 2511 Baccho
879 2474 943 2511 vel
964 2474 1158 2523 Apolline
1177 2475 1332 2524 dignos.

1650 135 1695 172 51

1653 300 1701 337 50

1651 856 1706 893 60·

1654 1700 1703 1735 70

1649 2258 1706 2294 80
