1840 2731
811 404 1044 444 ECLOGA
1076 407 1108 443 Ι.

432 517 650 554 Faustulus
676 517 877 554 Ausonios
903 517 1120 566 indignans
1147 517 1295 567 linquit
1320 517 1488 566 agellos,

501 585 558 622 Et
578 585 702 622 Galla
719 584 887 622 invitum
909 584 1037 622 trudit
1055 585 1108 622 ad
1125 597 1222 622 arva
1239 597 1414 634 gregem.

704 674 885 712 LYGDUS.
948 674 1216 713 FAUSTULUS.

868 765 1046 813 Lygdus.

326 843 527 888 Faustule,
550 849 632 879 tam
652 843 770 880 celeri
791 855 1010 891 properans
1031 843 1233 881 discedere
1257 855 1403 893 gressu,

272 899 426 936 Invitas
446 911 525 948 quo
546 899 674 936 trudis
697 912 798 945 oves,
823 911 913 936 cum
933 900 1102 948 pinguia
1123 906 1291 948 carpant

273 954 477 1001 Gramina,
503 967 592 992 cum
614 955 774 992 valeant
797 956 938 1003 patula
958 956 1084 993 vitare
1107 956 1178 993 sub
1201 956 1310 993 ulmo

272 1011 359 1048 Iam
380 1012 458 1048 iam
482 1018 693 1048 venturum
715 1012 881 1048 torrenti
905 1011 988 1048 sole
1009 1011 1209 1049 calorem?

272 1066 462 1116 Undique
480 1078 574 1104 nam
591 1073 749 1104 resonat
770 1068 898 1104 raucis
917 1079 1057 1104 nemus
1076 1079 1192 1104 omne
1211 1067 1370 1104 cicadis.

843 1167 1074 1205 Faustulus.

327 1246 480 1283 Pascua
502 1245 736 1283 iamdudum
759 1258 899 1294 campo
922 1246 1090 1283 meliora
1112 1245 1239 1283 feraci

271 1301 492 1339 Luxuriare
511 1301 660 1347 ferunt,
681 1302 808 1340 cultos
829 1314 907 1351 qua
925 1301 1070 1339 flexilis
1087 1314 1205 1351 agros

271 1357 456 1407 Sequana
477 1357 698 1395 circumdat
719 1357 920 1407 fluctuque
942 1359 1086 1395 irrorat
1107 1370 1285 1395 amoeno.

272 1413 379 1451 Illuc
398 1413 470 1451 has
490 1413 660 1462 pecudes
680 1414 904 1463 longinqua
924 1425 995 1462 per
1015 1414 1106 1451 avia
1125 1413 1240 1451 duco.

870 1514 1048 1562 Lygdus.

325 1593 392 1631 Sic
412 1594 563 1641 patrios
584 1592 684 1631 fines
705 1594 959 1642 antiquaque,
985 1593 1187 1639 Faustule,
1211 1605 1306 1630 rura

273 1649 451 1698 Linquis‚
476 1656 522 1686 ut
545 1649 698 1686 externi
721 1648 795 1687 fias
817 1661 942 1686 novus
967 1649 1101 1686 incola
1124 1649 1282 1697 campi?

272 1705 336 1742 Ah
360 1711 543 1753 coeptam
563 1704 722 1742 dimitte
744 1706 850 1742 viam
863 1717 874 1752 3
901 1711 939 1742 te
961 1704 1104 1742 flebilis
1127 1705 1257 1750 arbor,

272 1761 333 1798 Te
351 1761 463 1798 vidui
484 1760 628 1807 fontes,
651 1767 690 1798 te
709 1760 874 1798 flumina
893 1767 1044 1798 maesta
1061 1760 1268 1798 dolebunt.

845 1860 1075 1899 Faustulus.

328 1940 434 1986 Heu,
457 1951 637 1988 possessa
657 1939 728 1976 diu
748 1939 895 1976 natalis
916 1940 1055 1988 iugera
1075 1939 1178 1976 ruris

275 1996 490 2033 Extremus
513 1996 636 2033 veteri
660 1995 776 2032 dolor
802 2002 859 2032 est
883 1995 1047 2044 liquisse
1072 1995 1226 2032 colono.

273 2051 352 2089 Sed
372 2052 503 2100 gravis
524 2051 697 2099 impellit
719 2050 946 2088 tardantem
965 2052 1114 2088 iniuria
1134 2063 1323 2100 gressum,

275 2107 363 2145 Nec
381 2107 548 2156 longum
567 2107 740 2144 deterret
758 2108 845 2153 iter,
865 2118 938 2144 nec
958 2106 1141 2144 fervidus
1159 2106 1290 2144 ardor.

873 2207 1051 2256 Lygdus.

330 2286 423 2323 Hac
443 2298 599 2323 mecum
620 2286 801 2323 aesculea
822 2286 989 2334 paulum
1010 2286 1210 2334 requiesce
1232 2285 1304 2323 sub
1325 2285 1478 2331 umbra,

277 2342 329 2378 Et
351 2341 458 2379 refer
478 2342 688 2390 indignam
707 2354 808 2390 quae
830 2353 949 2379 causa
970 2341 1192 2378 incenderit
1212 2342 1325 2388 iram,

276 2398 360 2435 Cur
380 2398 485 2435 nolis
505 2399 638 2446 patrio
658 2398 833 2446 requiem
854 2397 1066 2446 decerpere
1088 2408 1242 2446 campo,

276 2453 416 2496 Donec
434 2453 493 2491 sol
511 2454 654 2490 nimios
672 2453 878 2490 declinans
897 2459 1089 2502 temperet
1108 2459 1250 2491 aestus.

1484 2515 1526 2549 23

1608 1594 1654 1629 10

1607 2399 1657 2433 20
