1840 2731
243 149 310 182 102
473 147 686 177 IOANNJS
709 147 947 178 ARNOLLE
958 148 1003 177 'l'l
1026 147 1372 178 NII'ERNENSIS

236 258 483 306 Primiparae
507 270 529 295 o
555 257 757 296 damnum.
786 264 928 295 cuncto
954 258 1203 295 lacrimabile
1227 258 1380 295 saeclo!

236 314 339 350 Cum
360 314 503 351 vetitos
525 314 670 362 palmis
692 326 787 350 ausa
809 320 865 350 est
887 314 1098 362 decerpere
1121 313 1278 350 fructus

237 369 372 406 Prima
393 381 549 417 parens,
574 376 755 406 nostrum
777 376 873 406 tunc
898 370 1011 406 Mors
1034 371 1198 407 accessit
1223 370 1263 405 in
1283 369 1432 407 orbem,

235 426 353 462 Tunc
375 425 519 463 celeres
543 424 639 461 diris
663 426 783 462 armis
805 426 987 462 innexuit
1011 425 1094 462 alas

237 480 408 518 Gestans
434 481 515 518 tela
538 492 659 517 manu
686 480 864 518 Lernaeo
890 482 1014 517 tincta
1041 493 1217 527 veneno3

239 536 338 573 Inde
359 548 428 584 per
451 536 558 573 hunc
581 536 715 573 orbem
735 537 923 573 miserum
946 536 1169 573 furibunda.
1192 536 1376 573 cucurrit.

237 593 324 628 Iam
343 604 434 629 vero
458 598 581 629 terras
603 604 738 629 omnes
760 603 973 640 omnesque
995 599 1171 639 pererrat

238 648 378 696 Pagos
404 654 441 684 et
464 648 663 695 crepitans
686 647 815 684 claras
836 647 1098 684 circumvolat
1120 647 1247 684 urbes.

238 703 410 740 Indubie
434 715 514 739 non
540 709 597 740 est
622 703 773 740 homini
801 703 980 740 sollertia
1005 703 1190 751 cuiquam

236 759 351 805 Quae
367 759 491 795 durae
508 759 639 796 valeat
658 758 917 807 praecludere
936 759 1076 795 limina
1097 759 1233 795 Morti.

292 814 475 851 Horrida
498 814 611 851 Mors
632 814 788 851 veniam
811 826 890 850 non
912 814 980 851 dat
1001 815 1160 851 virtutis
1183 814 1379 859 alumnisj.

237 870 347 917 Quid
372 869 522 908 facient
548 871 671 919 igitur
694 870 790 907 laeti
816 871 1043 918 peccamine
1069 870 1164 915 solo,

237 925 357 962 Talia
382 937 473 963 cum
499 925 669 963 tolerent
697 927 835 963 mortis
863 925 1095 962 discrimina
1122 926 1241 962 iusti?

237 981 358 1028 Quid,
385 993 541 1030 quaeso,
570 980 694 1019 faciet
719 982 786 1030 qui
810 993 849 1018 se
875 981 990 1018 effert
1015 993 1124 1018 more
1150 982 1300 1018 leonis?

239 1036 393 1074 Infelix
413 1037 509 1086 quid
533 1046 623 1085 aget
646 1038 841 1074 terrestris
863 1037 1062 1074 vermibus
1085 1037 1198 1073 esca?

236 1092 271 1129 O
296 1099 491 1141 quantum
512 1092 710 1130 studuisse
730 1093 837 1130 volet
859 1093 1064 1130 molimine
1088 1099 1169 1129 toto

238 1148 380 1193 Menti,
404 1160 524 1197 quam
545 1148 666 1185 vellet
688 1149 824 1196 pulsos
847 1148 895 1185 de
918 1155 1078 1196 pectore
1101 1147 1250 1185 fastus}

238 1204 291 1241 Et
314 1205 383 1252 qui
406 1210 465 1241 tot
486 1205 616 1241 missis
641 1205 810 1241 iactatur
837 1204 1000 1241 faenore
1024 1205 1196 1240 nummis

238 1259 372 1305 Dives,
393 1259 461 1308 qui
482 1265 540 1296 tot
560 1260 679 1297 habet
700 1271 931 1308 camporum
953 1261 1089 1308 iugera
1111 1260 1256 1308 quique

238 1315 334 1352 Non
355 1327 564 1352 numerare
586 1322 715 1363 potest
738 1327 878 1352 aurum
901 1315 1043 1352 tellure
1066 1322 1278 1363 repostum.

238 1371 333 1408 Heu
353 1383 475 1419 quam
496 1371 658 1408 divitias
682 1372 814 1419 cupiet
837 1372 1042 1418 tempsisse
1065 1371 1249 1407 fluentes!

239 1426 499 1464 Formidatne
525 1438 618 1464 suae
646 1433 800 1475 tempus
828 1427 1076 1463 lacrimabile
1104 1427 1241 1463 mortis

237 1482 369 1529 Quem
391 1493 558 1530 spurcae
581 1482 746 1519 Veneris
771 1482 912 1519 titillat
936 1495 1053 1519 saeva
1076 1482 1229 1519 libido?

239 1538 461 1576 Dentatum
485 1538 608 1575 labris
631 1538 813 1575 mordere
838 1538 1048 1574 edentulus
1074 1538 1197 1579 ardet,

236 1594 311 1630 Ast
335 1593 401 1630 hic
425 1593 700 1631 Pascomidem
724 1593 866 1630 duram
892 1599 989 1630 teret
1017 1600 1134 1641 atque
1160 1595 1353 1641 lupatum.

238 1650 524 1697 Ventripotens
550 1649 665 1686 molli
691 1650 758 1698 qui
784 1650 1031 1686 nutrimenta
1058 1649 1192 1696 palato

239 1705 333 1751 Dat,
355 1705 462 1742 volet
485 1705 693 1742 illecebras
716 1711 910 1753 quantum
932 1705 1123 1752 sprevisse
1148 1704 1333 1752 fugaces!

239 1760 420 1798 Numina
445 1761 513 1809 qui
538 1760 655 1798 dictis
682 1772 869 1808 superum
894 1766 1040 1797 terrere
1066 1760 1223 1797 videtur

239 1817 459 1864 Impatiens
482 1817 622 1854 missas
644 1828 759 1853 voces
783 1817 1009 1853 meminisse
1031 1815 1199 1852 docebit.

238 1872 273 1909 O
301 1878 459 1920 turpem
483 1883 601 1920 quem
625 1872 813 1920 segnities
837 1871 1030 1908 damnosa
1055 1878 1244 1916 moratur,

240 1927 387 1965 Nonne
414 1927 523 1965 videt
553 1939 699 1964 vacuos
728 1939 881 1975 semper
910 1927 1112 1964 discedere
1142 1928 1320 1964 menses?

240 1982 431 2020 Excutiat
460 1994 596 2020 vecors
627 1982 790 2019 sordens
821 1995 844 2019 a
871 1988 1003 2019 mente
1032 1989 1237 2019 veternum
1253 1994 1261 2028 3

240 2037 370 2075 Nulla
389 2038 472 2075 dies
495 2039 610 2075 abeat
632 2039 728 2086 quin
750 2038 846 2086 quid
872 2037 1044 2075 feliciter
1067 2038 1169 2074 edat.

238 2094 376 2142 Turpe
401 2093 563 2143 quidem
587 2094 701 2130 molli
728 2094 851 2130 vitam
877 2105 1106 2130 consumere
1133 2105 1294 2139 somno;

240 2149 393 2187 Gliscet
416 2156 506 2197 post
529 2156 697 2186 mortem
720 2150 852 2198 segnis
875 2150 1079 2197 tempsisse
1104 2160 1275 2196 sopores.

294 2205 373 2243 Sed
394 2205 522 2245 doleo,
546 2205 652 2253 quod
678 2205 790 2240 Mors
813 2204 931 2241 claris
952 2215 1032 2241 non
1055 2216 1215 2252 parcere
1237 2206 1353 2241 norit.

240 2261 335 2298 Non
361 2261 491 2309 potuit
517 2260 696 2301 Samson,
724 2262 785 2297 cui
813 2266 924 2297 tanta
949 2262 1129 2308 potentia
1155 2259 1356 2308 quondam

240 2317 438 2353 Concessa
464 2323 532 2357 est,
560 2316 680 2352 duras
713 2316 857 2352 Mortis·
884 2315 1084 2363 depellere
1113 2316 1238 2360 vires:

239 2372 408 2409 Vivaces
440 2372 584 2408 Mortis
616 2372 704 2408 telis
734 2372 884 2419 periere
914 2371 1100 2419 Sibyllae.

238 2427 280 2463 Si
305 2427 415 2464 dives
440 2433 603 2475 pugnet.
631 2434 780 2464 veteres
807 2428 956 2474 periere
982 2426 1244 2472 iiioliarcliae;

242 2483 427 2519 Mortuus
453 2488 509 2519 est
535 2483 698 2519 Xerxes.
725 2489 761 2518 et
787 2488 966 2517 mortuus
991 2481 1059 2518 ille
1088 2482 1245 2518 Darius.

1571 537 1619 572 70

1570 1094 1621 1128 80

1570 1650 1622 1685 90

1549 2204 1622 2239 100
