1840 2731
191 166 237 200 14
681 163 1072 195 INTRODUCTION

188 275 237 311 In
261 275 327 312 the
351 274 437 312 first
461 275 612 312 edition
637 274 681 312 of
707 275 767 311 his
791 275 910 311 Livia
942 275 1089 321 (Paris,
1117 274 1206 311 Oct.
1241 278 1270 319 l,
1304 273 1425 322 1490)
1460 273 1571 311 there

185 332 217 368 is
244 342 267 367 a
293 331 625 379 complimentary
650 330 767 367 letter
795 330 903 367 from
931 331 951 345 ‘⁴
975 330 1113 366 Frater
1145 330 1345 367 Iohannes
1373 329 1569 378 Cordiger

185 386 405 423 Alemanus
441 398 576 423 sacrae
613 386 838 434 theologiae
875 385 1079 433 professor
1097 385 1132 431 ”‚
1172 385 1385 422 addressed
1424 391 1464 422 to
1503 385 1569 422 the

187 442 420 490 University
446 441 490 478 of
519 442 652 478 Paris:

231 541 369 573 Nostris
400 552 533 580 quoque
566 541 776 580 temporibus
806 541 927 572 merito
958 540 1101 579 gloriari
1132 546 1243 579 potest
1275 546 1390 571 vestra
1422 541 1567 572 Univer-

183 587 267 617 sitas
292 586 506 623 Parisiensis‚
531 586 622 624 quod
648 586 815 616 Faustum
838 585 1067 616 Andrelinum
1092 584 1361 616 Foroliviensem
1383 591 1485 616 nacta
1508 589 1566 616 est.

186 631 221 661 Is
244 631 344 667 enim,
365 641 441 662 cum
465 631 618 661 omnium
639 630 902 668 disciplinarum
924 629 1196 661 studiosissimus
1221 630 1274 666 sit,
1299 630 1390 660 solus
1415 630 1484 661 fuit
1512 629 1567 666 (ut

185 676 332 706 aliorum
363 686 445 714 pace
477 675 642 713 dixerim)
681 675 738 713 qui
771 674 921 706 Galliam
952 685 992 705 ex
1022 674 1139 705 ieiuna
1170 680 1333 710 saturam,
1364 685 1405 705 ex
1438 673 1567 705 inculta

186 726 319 756 tersam,
346 730 387 750 ex
414 720 503 750 sicca
530 719 687 755 viridem,
716 730 755 750 ex
786 719 935 750 barbara
966 719 1123 749 Latinam
1156 718 1257 755 fecit3
1289 718 1567 757 quandoquidem

183 775 251 796 non
281 764 391 795 solum
421 764 608 795 oratoriam
635 769 666 795 et
693 764 861 802 poeticam
892 763 1105 799 facultatem,
1132 764 1189 794 sed
1220 763 1322 794 etiam
1353 762 1567 801 sphaericam

183 810 293 848 ipsam
323 814 419 840 tanta
448 809 601 840 omnium
630 808 856 839 admiratione
885 808 1063 846 professus
1091 813 1151 844 est,
1183 812 1220 838 ut
1248 807 1331 846 quid
1362 807 1478 838 dicant
1508 807 1566 838 alii

183 853 340 892 profecto
367 853 515 884 habeant
541 853 639 888 nihil,
667 858 699 884 et
727 858 834 884 artem
861 863 897 883 ac
924 852 1073 891 leporem
1099 852 1262 883 carminis
1290 852 1352 882 hoc
1382 852 1417 882 in
1446 852 1566 890 Regno

183 903 283 929 antea
314 908 457 937 prorsus
486 898 654 936 incogniti
683 898 733 928 ita
764 897 938 936 patefecit,
972 903 1007 928 ut
1039 908 1154 927 omnes
1188 897 1299 928 solum
1331 897 1498 927 Faustum
1529 897 1567 927 in

182 942 304 982 quovis
329 943 492 973 carminis
519 952 641 981 genere
666 942 795 973 imitari
824 942 993 977 studeant,
1020 947 1051 972 et
1077 941 1230 980 integras
1258 941 1352 972 illius
1381 941 1565 972 sententias

183 998 220 1018 ac
247 998 366 1018 versus
392 998 635 1026 saepenumero
663 997 726 1025 pro
755 986 825 1017 suis
855 987 1033 1025 accipiant.
1087 987 1157 1017 Nec
1187 986 1224 1017 id
1252 987 1408 1024 profecto
1437 985 1566 1016 iniuria

184 1032 315 1063 factum
340 1037 399 1068 est,
423 1043 500 1062 cum
527 1032 675 1062 Faustus
702 1031 780 1062 talis
803 1031 848 1062 sit
869 1037 979 1069 poeta,
1005 1036 1041 1061 ut
1067 1030 1130 1061 ‘ab
1156 1041 1195 1061 eo
1217 1041 1277 1061 ceu
1303 1030 1398 1061 fonte
1424 1030 1565 1068 perenni

183 1082 299 1108 vatum
342 1077 486 1107 Pieriis’
533 1077 588 1114 (ut
627 1076 667 1106 de
710 1075 863 1106 Homero
908 1075 1026 1106 scribit
1071 1075 1236 1113 Ovidius)
1284 1075 1366 1106 ‘ora
1410 1075 1565 1113 rigentur

182 1121 279 1160 aquis
294 1120 353 1153 '.14

183 1211 272 1249 One
310 1211 353 1248 of
392 1211 452 1247 his
490 1211 636 1258 pupils,
679 1210 875 1247 Claudius
916 1210 1096 1246 Rudinus
1137 1209 1405 1251 Carnotensis„
1447 1207 1566 1245 could

182 1279 250 1305 sav
272 1266 316 1304 of
340 1267 443 1303 him:

402 1367 464 1397 Ille
486 1372 535 1397 est
556 1367 614 1405 qui
637 1366 774 1397 Latium
801 1366 911 1397 Musis
935 1364 1096 1404 spoliavit
1119 1365 1280 1399 amoenis,

448 1412 495 1443 Ut
517 1411 641 1442 coleret
667 1411 785 1443 Gallas
807 1410 921 1441 clarus
945 1410 1073 1448 Apollo
1097 1410 1234 1446 domos;

402 1456 465 1486 Ille
488 1462 536 1487 est
555 1456 613 1494 qui
635 1456 767 1494 primus
789 1456 836 1486 cis
859 1455 964 1493 Alpes
986 1454 1141 1485 carmina
1160 1454 1261 1490 vexit,

446 1501 521 1539 Quo
544 1500 628 1531 duce
652 1501 720 1530 iam
745 1500 895 1530 Francos
920 1499 1017 1530 nulla
1037 1499 1188 1530 Camena
1210 1499 1300 1529 latet.

533 1569 551 1589 εκ
665 1568 684 1588 >a
798 1568 817 1588 *
931 1567 950 1588 *
1062 1567 1082 1588 *
1194 1566 1212 1587 ιιι

378 1613 385 1627 ‘
403 1613 538 1643 Laurea
559 1617 650 1643 serta
670 1622 790 1650 gerens
816 1611 993 1649 Musisque
1016 1609 1170 1641 excultus
1195 1609 1345 1641 amoenis

445 1657 672 1696 Gymnasium
696 1656 844 1687 Faustus
868 1656 1059 1687 Parisiense
1082 1655 1190 1694 polit.'
1206 1655 1242 1676 1⁵

182 1749 230 1784 In
256 1747 323 1784 the
347 1747 575 1784 dedication
601 1746 645 1784 of
671 1758 723 1783 an
747 1746 897 1783 edition
924 1745 967 1782 of
997 1745 1153 1782 Persius
1188 1744 1353 1792 (Lyons.
1380 1744 1471 1792 Jan.
1501 1745 1562 1787 27,

185 1803 306 1851 1499)
339 1803 511 1840 Iodocus
534 1802 685 1839 Badius
705 1802 918 1838 Ascensius
941 1802 1023 1847 has,
1050 1801 1070 1815 “
1091 1801 1282 1837 Faustum
1306 1800 1563 1848 praecipuum

182 1859 411 1897 Galliarum
435 1859 634 1907 specimen
660 1870 706 1896 ac
733 1858 983 1896 litteraturae
1009 1856 1265 1906 praesidium,
1294 1857 1447 1905 regium
1472 1855 1562 1892 dico

180 1915 296 1952 illurn
324 1915 520 1952 musicum
550 1926 594 1951 ac
624 1921 756 1951 vatem
787 1914 1063 1959 clarissimum,
1098 1912 1320 1948 Parrhisios
1351 1917 1409 1947 tot
1440 1921 1564 1947 annos

180 1970 463 2008 erudientem.‘’
486 1969 519 1989 1⁶
580 1970 728 2006 Beatus
750 1969 982 2014 Rhenanus,
1008 1968 1172 2016 looking
1194 1967 1295 2004 back
1315 1979 1368 2003 on
1391 1967 1452 2002 his
1476 1977 1562 2003 own

182 2072 393 2110 Ringmann,
440 2071 616 2102 Sebastian
664 2069 811 2101 Murrho
853 2069 907 2100 the
953 2069 1128 2107 Younger,
1173 2067 1319 2100 Othmar
1365 2064 1562 2104 Nachtigal,

182 2117 306 2147 Beatus
329 2115 539 2151 Arnoaldus‚
563 2115 629 2146 and
657 2114 781 2145 Beatus
809 2113 1006 2145 Rhenanus,
1054 2113 1113 2144 See
1139 2113 1180 2144 G.
1206 2112 1242 2144 C.
1268 2111 1382 2147 Knod‚
1405 2111 1481 2142 Aus
1502 2110 1564 2142 der

179 2160 376 2192 Bibliothek
400 2160 459 2191 des
480 2160 609 2190 Beatus
627 2159 828 2194 Rhenanus,
850 2169 907 2197 pp.
932 2166 1030 2197 37-43
1057 2156 1310 2196 (Schlettstadt,
1337 2155 1452 2194 1889).

226 2216 262 2236 13
281 2216 395 2246 Letter
416 2215 455 2246 of
473 2215 556 2254 July
574 2215 624 2249 26,
650 2214 749 2253 1518;
771 2214 886 2252 Opera
904 2213 1029 2249 omnia,
1049 2212 1097 2244 iii.
1117 2220 1180 2251 403
1208 2210 1377 2250 (Leyden,
1401 2211 1517 2249 1703).

226 2272 260 2293 14
277 2272 411 2311 Quoted
431 2272 477 2310 by
499 2270 735 2307 MazzucheHi,
756 2281 809 2309 op.
831 2270 897 2303 cit„
920 2270 940 2301 i.
962 2276 1032 2308 715.
1075 2269 1136 2308 Cp.
1159 2268 1261 2304 Ovid,
1280 2268 1369 2303 Am„
1390 2267 1439 2298 iii.
1461 2275 1492 2306 9,
1511 2272 1561 2304 25.

225 2328 261 2348 1⁵
280 2328 383 2359 From
408 2327 462 2358 his
490 2337 587 2365 poem
614 2328 621 2342 ⁴
638 2325 836 2362 Faustina’,
864 2326 900 2356 in
925 2325 1103 2356 Poematia
1130 2324 1261 2363 aliquot
1289 2323 1439 2361 insignia
1469 2322 1561 2353 illus-

180 2373 285 2404 trium
311 2372 495 2403 Poetarum
526 2372 763 2406 recentiorum,
794 2369 957 2405 Basileae,
986 2380 1047 2408 per
1075 2368 1264 2400 Robertum
1292 2367 1438 2403 Winter,
1469 2373 1561 2404 1544.

179 2417 251 2448 The
273 2416 339 2448 last
360 2416 485 2447 distich
506 2416 585 2446 here
605 2415 729 2454 quoted
750 2415 778 2445 is
798 2414 881 2446 used
903 2425 938 2445 as
959 2425 979 2444 a
996 2418 1104 2444 motto
1125 2413 1160 2443 in
1181 2412 1273 2444 three
1296 2411 1394 2442 Paris
1414 2410 1561 2442 editions

179 2462 219 2492 of
239 2461 293 2492 the
312 2461 495 2492 Buccolica
515 2460 647 2495 Fausti,
671 2458 839 2498 1496(?),
862 2465 953 2497 1501,
977 2458 1068 2496 1506.

225 2518 260 2539 1⁰
276 2518 336 2550 Ph.
364 2518 560 2553 Renouard,
583 2516 847 2555 Bibliographie
868 2515 911 2547 de
931 2515 1032 2547 Josse
1052 2514 1185 2546 Badius
1207 2513 1404 2549 Ascensius,
1426 2511 1474 2543 iii.
1502 2518 1562 2551 147
