1840 2731
210 127 261 162 42
551 126 728 158 PUBLII
749 126 808 158 FA
820 126 932 159 USTI
955 125 1248 158 ANDRELINI

805 238 998 275 Francus.

268 314 392 352 Edita
414 315 593 364 nympha
616 316 708 353 lacu
732 327 875 365 cycnos
900 322 1086 365 pascente
1112 328 1279 354 canoros

212 370 297 407 Hic
319 371 389 408 ubi
414 371 633 408 femineum
657 373 800 410 sortita
823 379 881 410 est
909 372 1081 409 Mantua
1103 384 1251 410 nornen

211 426 395 464 Arverno
418 433 495 464 stat
520 428 657 464 iuncta
678 427 782 474 duci,
809 440 884 477 quo
910 428 1020 466 bella
1041 434 1225 466 movente

212 482 338 519 Arma
364 482 514 520 infesta
539 489 725 530 tremunt,
752 483 984 533 domitoque
1012 497 1059 521 ex
1086 484 1199 521 hoste
1226 483 1460 532 triumphat,

213 537 357 584 Qualis
379 538 615 576 Thessalico
639 538 786 577 Caesar
807 546 1052 577 memoratur
1073 541 1115 577 in
1139 551 1237 589 agro

213 593 395 631 Hostiles
416 606 620 642 superasse
640 606 793 641 manus,
815 596 879 632 vel
901 596 1032 644 qualis
1051 595 1232 633 Achilles

214 649 392 687 Hectore
414 657 473 687 ter
493 657 611 699 rapto
633 662 790 688 caesum
812 650 892 689 fuit
913 651 1024 689 ultus
1045 652 1227 688 amicum.

215 705 311 743 Non
334 706 391 742 ita
412 706 481 742 nix
504 718 606 754 pura
629 713 686 744 est
709 708 819 744 canis
840 719 941 756 quae
962 707 1165 745 montibus
1189 707 1308 753 albet,

214 761 341 798 Haud
364 761 507 810 planta
531 762 687 800 calcata
711 764 834 811 gravi,
861 774 981 812 quam
1004 763 1176 812 pulchra
1198 764 1362 800 nitentis

216 817 401 854 Membra
423 817 519 855 deae
542 817 725 866 radiant3
753 818 984 868 clarumque
1007 819 1190 856 decentia
1213 819 1368 856 factum

215 872 395 910 Nomina
417 875 659 911 conveniunt
682 881 837 912 sacrato
859 875 1033 923 imposta
1054 875 1226 912 lavacro.

217 928 459 978 Cornigeros
484 929 554 966 alii
580 941 716 967 cervos
742 942 984 979 capreasque
1009 930 1175 980 fugaces

214 985 458 1034 Auritosque
482 985 620 1023 ferunt
643 985 797 1034 lepores
820 998 1012 1035 ursosque
1035 986 1200 1033 feroces,

214 1040 290 1078 Ast
310 1053 384 1089 ego
404 1041 511 1078 dona
531 1041 548 1078 f
554 1053 618 1079 ero
640 1053 776 1079 roseae
795 1054 896 1091 quae
917 1054 1096 1092 congrua
1115 1043 1315 1091 nymphae

218 1096 533 1146 Mansuetaeque
559 1109 648 1134 reor
661 1109 671 1145 3
702 1097 864 1134 damma
888 1110 970 1135 non
997 1099 1139 1137 tersius
1164 1099 1251 1146 ipso

218 1151 359 1190 Mitius
383 1159 451 1190 aut
475 1153 636 1199 animal,
663 1164 736 1191 nec
759 1153 894 1191 forma
915 1154 1118 1191 venustior
1142 1161 1282 1192 exstat.

831 1254 987 1292 Gallus.

274 1331 460 1369 Forsitan
481 1332 578 1369 haec
600 1332 738 1370 eadem
760 1345 874 1370 curas
895 1333 1042 1370 ridebit
1063 1334 1211 1379 inanes,

219 1387 250 1424 F
254 1399 384 1433 rance,
411 1394 511 1433 tuas,
538 1395 645 1426 moto
672 1400 745 1426 nec
770 1388 933 1426 cardine
959 1388 1076 1426 firma
1100 1390 1254 1438 patebit

220 1443 348 1480 Ianua
372 1443 561 1491 pulsanti,
587 1444 849 1493 neglectaque
874 1444 981 1482 dona
1004 1446 1200 1482 iacebunt.

814 1546 1006 1582 Francus.

274 1620 436 1658 Scilicet
458 1621 534 1659 hoc
555 1622 629 1659 tali
649 1629 790 1660 natum
812 1630 870 1660 est
892 1635 939 1660 ex
962 1624 1102 1661 arbore
1127 1636 1289 1673 germen

220 1676 334 1723 Quae
358 1677 507 1714 lassum
528 1677 639 1715 dulci
661 1679 886 1716 venientem
909 1680 1165 1728 amplectitur
1188 1681 1340 1727 umbra,

222 1732 310 1769 Nec
327 1732 468 1770 mundi
486 1745 578 1782 pars
596 1733 682 1771 ulla
700 1734 801 1771 iacet
821 1747 899 1784 qua
915 1736 1052 1772 mitior
1070 1736 1188 1773 arbor

223 1788 477 1837 Fructificet3
501 1796 638 1827 nostro
656 1791 735 1826 iam
754 1797 850 1828 nota
869 1798 925 1828 est
945 1791 1019 1828 illa
1036 1791 1186 1840 palato,

222 1843 331 1880 Dum
353 1856 501 1882 vesana
523 1845 651 1882 fames
670 1846 793 1883 bilem
816 1847 1040 1884 stimularet
1063 1854 1232 1884 acutam.

835 1947 991 1985 Gallus.

278 2022 427 2060 Omnia
448 2024 580 2061 ieiuno
604 2026 766 2073 sapiunt
787 2025 850 2062 vel
873 2027 1045 2074 pessima
1066 2028 1206 2063 ventri.

223 2077 350 2126 Saepe
369 2079 451 2115 bibi
473 2091 645 2117 crassam
666 2082 823 2118 caenosi
842 2080 1016 2119 fluminis
1037 2082 1188 2119 undam

222 2133 410 2171 Aestibus
431 2135 473 2171 in
493 2135 634 2172 mediis
648 2148 658 2183 3
683 2137 835 2173 sitienti
854 2137 977 2174 molle
1002 2137 1219 2175 Falernum

227 2189 308 2226 Illa
329 2190 429 2226 mihi
452 2191 538 2227 visa
560 2197 627 2237 est,
655 2198 769 2240 grato
793 2192 856 2229 vel
881 2194 1019 2230 suavia
1042 2200 1161 2242 gustu

227 2244 412 2293 Massica,
440 2246 550 2283 civili
574 2258 732 2295 pressus
756 2248 819 2285 vel
846 2248 960 2286 clade
986 2248 1150 2297 Lyaeus.

818 2349 1011 2386 Francus.

283 2423 452 2462 Dulcior
471 2424 568 2462 haec
587 2426 766 2474 nympha
784 2433 840 2464 est
860 2427 934 2464 illa
953 2440 1073 2477 quam
1092 2428 1264 2466 daedala
1284 2441 1374 2467 cera

232 2476 485 2516 Mellificavit
512 2481 621 2528 apis3
650 2482 723 2518 tali
747 2493 820 2530 pro
846 2490 1005 2521 nectare
1031 2484 1211 2533 linquam

1544 373 1596 408 40

1551 932 1599 968 50

1554 1738 1604 1774 60
