1840 2731
235 146 307 181 120
763 145 1078 176 APPENDICES

227 255 313 286 illud
343 255 473 294 puerile
503 261 732 286 commentum
760 261 820 291 est,
849 255 940 294 quod
972 256 1012 287 de
1039 256 1213 287 Tolosano
1244 256 1451 287 Pictaviensi
1485 255 1611 286 Parisi-

225 300 365 338 ensique
393 300 581 338 Gymnasio
608 300 763 335 blaterat,
789 300 1067 339 quandoquidem
1093 300 1251 331 omnibus
1277 300 1368 331 hisce
1392 300 1428 331 in
1451 299 1537 330 locis
1561 299 1611 330 ita

225 355 277 374 me
300 344 486 375 honorifice
510 345 673 383 gesserim
696 350 742 380 ut,
764 351 793 375 te
815 350 963 381 auctore,
987 345 1082 383 regio
1106 345 1277 383 stipendio
1301 345 1448 375 donatus
1471 343 1608 375 fuerim.

229 389 376 427 Reliqua
402 389 628 420 deliramenta
656 389 908 428 praetereunda
932 399 1061 426 censeo,
1088 400 1130 420 ne
1159 389 1277 428 gravis
1303 389 1409 420 lector
1438 388 1610 419 indecenti

226 439 283 464 aut
301 433 467 464 cachinno
487 439 544 464 aut
566 433 708 464 fastidio
728 434 903 464 afficiatur.
947 433 1111 464 Ridicula
1129 434 1256 472 quippe
1276 439 1431 464 monstra
1448 432 1608 464 videntur

225 488 311 515 quae
339 488 358 508 a
384 477 563 508 verisimili
592 478 756 516 figmento
780 478 982 516 discrepent.
1033 478 1098 510 Sed
1124 478 1276 508 sinamus
1303 478 1445 508 miseros
1472 477 1608 508 invidos

225 522 338 552 aliena
369 523 424 559 (ut
451 522 577 560 solent)
612 521 776 552 felicitate
807 523 978 560 torqueri3
1010 522 1092 552 satis
1121 532 1289 560 superque
1319 522 1440 553 fecisse
1467 521 1607 557 duxero,

225 567 252 596 si
283 572 328 599 tu,
356 567 417 605 qui
447 566 613 597 iudicium
641 566 746 597 habes
773 567 980 597 examussim
1011 567 1154 602 factum,
1180 577 1303 605 meum,
1330 576 1454 602 meum,
1484 576 1608 602 meum,

225 611 374 648 inquam,
396 611 590 641 bucolicum
608 621 756 646 carmen,
778 610 928 642 Roberto
952 611 1131 641 Brisoneto
1151 611 1220 641 iam
1241 610 1300 641 diu
1328 611 1384 649 (ut
1406 611 1489 649 scis)
1515 609 1608 641 dedi-

223 661 336 685 catum
361 655 616 693 approbaveris.
666 655 745 686 Non
770 655 860 686 enim
884 655 975 693 quod
1001 655 1087 685 edax
1112 654 1241 685 lividus
1265 660 1409 691 evomat,
1433 655 1492 685 sed
1516 654 1606 693 quod

223 699 389 730 excellens
410 706 732 737 consummatusque
755 700 807 730 vir
829 700 962 734 sentiat,
981 699 1172 730 curandum
1191 703 1249 730 est.
1298 699 1393 729 Vale.

787 890 1036 921 ADDENDA

269 981 303 1011 P.
332 989 381 1015 12,
404 991 434 1010 n.
461 988 486 1018 7.
536 980 735 1011 Sannazaro
754 979 852 1010 made
877 979 931 1010 the
957 979 1201 1017 acquaintance
1228 978 1267 1009 of
1289 977 1502 1008 Andrelinus
1528 977 1606 1008 dur>

221 1026 283 1063 ing
302 1026 356 1055 his
379 1025 521 1063 sojourn
547 1025 581 1055 in
607 1025 748 1059 France,
771 1024 922 1054 between
950 1030 1027 1061 1501
1055 1023 1122 1054 and
1149 1030 1248 1062 1504:
1271 1024 1288 1037 “
1305 1022 1506 1054 Sannazarii
1532 1047 1538 1054 .

221 1071 322 1108 cujus
353 1070 550 1100 diutissima
577 1069 823 1100 consuetudine
852 1068 1087 1107 superioribus
1117 1068 1214 1098 annis
1245 1072 1278 1098 et
1308 1067 1474 1098 Faustum
1499 1091 1505 1096 .
1531 1091 1539 1097 .
1563 1072 1605 1097 ‚et

222 1115 389 1152 Jacobum
412 1114 563 1145 Fabrum
589 1113 825 1152 stapulensem
851 1124 887 1144 ac
910 1113 1056 1143 Paulum
1078 1111 1275 1150 Aemylium
1299 1135 1305 1142 .
1332 1136 1338 1142 .
1364 1135 1371 1141 .
1397 1121 1476 1143 usos
1498 1111 1605 1142 fuisse

221 1160 349 1190 nemini
373 1169 441 1190 non
466 1165 515 1189 est
537 1159 572 1189 in
597 1169 653 1189 ore
668 1159 685 1173 ⁷²
718 1158 884 1196 (Jacques
909 1157 1106 1191 Toussaint‚
1132 1157 1220 1195 pref.
1247 1162 1280 1188 to
1305 1157 1369 1187 Pia
1393 1161 1425 1187 et
1448 1161 1604 1188 emuncta

221 1209 334 1243 opera,
358 1204 466 1239 Paris,
492 1210 582 1242 1513,
602 1203 727 1242 quoted
746 1203 790 1241 by
811 1203 851 1233 A.
874 1202 1064 1238 Renaudet,
1083 1200 1306 1238 Pre'rdforme
1324 1206 1355 1232 et
1374 1201 1606 1232 Humanisme

219 1248 239 1279 ὰ
259 1249 371 1284 Paris,
393 1257 588 1286 [494-1517,
610 1248 718 1281 Paris,
742 1247 833 1285 1916,
852 1258 884 1286 p.
906 1253 979 1285 475.

266 1294 301 1325 P.
328 1302 375 1331 14
395 1304 428 1325 n.
454 1302 499 1331 13.
543 1293 603 1331 Cp.
625 1303 645 1323 a
664 1292 815 1323 mention
836 1292 875 1322 of
894 1291 948 1322 the
968 1302 1050 1330 very
1071 1290 1259 1322 successful
1282 1290 1427 1321 lectures
1447 1290 1486 1321 of
1506 1290 1603 1321 Giro-

220 1338 310 1369 lamo
341 1337 516 1368 Aleandro
546 1344 579 1368 at
610 1337 727 1368 Paris:
757 1336 1071 1374 “conclamantque
1102 1341 1138 1367 ut
1170 1335 1317 1366 Fausto:
1346 1336 1449 1370 vivat,
1478 1334 1604 1365 vix-at2’

225 1383 361 1419 (Letter
393 1383 433 1413 of
466 1383 616 1420 Joannes
653 1381 832 1420 Kyrherus
865 1386 898 1412 to
932 1380 1080 1411 Michael
1117 1380 1417 1418 Hummelberger‚
1450 1389 1470 1418 4
1503 1379 1604 1418 Aug„

224 1434 314 1465 1511,
335 1427 459 1465 quoted
481 1427 525 1465 by
547 1427 588 1457 A.
614 1425 803 1461 Renaudet‚
825 1436 878 1464 op.
900 1425 955 1456 cit.
980 1425 1076 1463 612).

266 1472 300 1502 P.
330 1479 376 1510 15,
398 1482 430 1502 n.
457 1479 503 1509 17.
552 1472 612 1510 Cp.
638 1471 834 1502 Guillaume
858 1470 898 1501 de
922 1469 956 1500 la
981 1470 1088 1505 Mare,
1112 1469 1210 1500 letter
1233 1474 1266 1500 to
1290 1468 1501 1499 Andrelinus
1531 1467 1602 1505 (be-

220 1522 327 1547 tween
358 1525 440 1554 1494
467 1516 534 1546 and
569 1516 693 1554 1497):
724 1515 879 1545 “Petrus
908 1514 1099 1549 Cohardus,
1129 1513 1316 1552 primarius
1348 1512 1602 1543 Parlamenteae

219 1562 433 1599 pariseorum
465 1561 579 1591 curiae
613 1560 822 1598 praesidens,
859 1570 879 1589 a
911 1558 1209 1590 Christianissima
1243 1558 1426 1595 Majestate
1463 1557 1602 1595 accepit,

220 1606 318 1644 gravi
344 1605 386 1636 ad
411 1616 442 1636 se
469 1605 694 1643 querimonia.
720 1605 865 1634 maxime
893 1603 1041 1642 theologi
1069 1602 1264 1638 StandoniS‚
1291 1602 1421 1633 deferri
1449 1608 1478 1632 te
1505 1602 1601 1632 festis

219 1650 349 1683 diebus,
369 1650 493 1688 quibus
514 1649 608 1680 horis
629 1659 805 1679 sacrarum
825 1648 1019 1679 litterarum
1039 1648 1242 1686 interpretes
1263 1646 1460 1677 concionari
1484 1646 1602 1679 solent.

219 1695 286 1726 tuis
316 1695 495 1733 discipulis
524 1694 731 1724 lascivorum
764 1699 942 1732 poetarum
971 1693 1079 1723 nodos
1108 1691 1306 1728 enucleare;
1338 1691 1495 1721 hortatus
1525 1696 1602 1729 post

218 1740 299 1770 haec
320 1740 471 1777 idipsum
492 1750 533 1769 ne
558 1738 666 1769 facias
681 1739 699 1752 ⁷³
729 1737 873 1776 (quoted
894 1737 938 1775 by
962 1737 1002 1767 A.
1028 1736 1218 1773 Renaudet,
1241 1747 1295 1775 op.
1316 1736 1371 1767 cit.
1396 1736 1491 1774 277).

263 1785 298 1815 P.
331 1793 380 1822 19,
405 1795 437 1814 n.
463 1793 513 1822 33.
565 1784 582 1798 ‘⁸
600 1783 761 1813 L’auteur
788 1783 827 1813 de
855 1787 938 1813 cette
964 1781 1131 1812 invective
1157 1805 1163 1811 .
1189 1806 1196 1812 .
1222 1805 1228 1811 .
1254 1786 1303 1811 est
1330 1778 1396 1811 tres
1424 1779 1600 1819 probable-

218 1834 310 1859 ment
332 1829 478 1867 Jacques
503 1827 640 1863 Merlin‚
665 1828 704 1858 de
728 1827 1045 1858 Saint-Yicturnien
1068 1837 1108 1856 en
1135 1826 1325 1861 Limousin,
1347 1825 1416 1863 qui.
1442 1830 1544 1855 avant
1568 1823 1601 1855 la

218 1874 265 1904 fin
289 1874 334 1904 du
359 1871 467 1905 siecle.
493 1872 612 1911 publia
636 1897 642 1903 .
669 1896 675 1902 .
701 1896 707 1902 .
732 1871 780 1902 les
807 1872 991 1910 Ques-lions
1013 1871 1052 1901 de
1076 1871 1191 1901 Pierre
1215 1869 1346 1908 d'Ailly
1369 1880 1427 1900 sur
1448 1869 1496 1899 les
1522 1868 1600 1899 Sen—

219 1924 339 1950 tences.
370 1923 400 1948 et
432 1918 556 1951 donna,
586 1928 625 1947 en
663 1924 754 1954 1512,
787 1927 851 1947 une
884 1916 1090 1954 importante
1123 1912 1252 1946 edition
1283 1911 1501 1951 d’Origene”
1539 1913 1600 1950 (A.

220 1963 408 1997 Renaudet,
428 1973 482 2000 op.
502 1963 557 1992 cit.
584 1961 677 1999 124).
