<?xml version="1.0" encoding="UTF-8"?>
<!DOCTYPE html PUBLIC "-//W3C//DTD XHTML 1.0 Transitional//EN"
    "http://www.w3.org/TR/xhtml1/DTD/xhtml1-transitional.dtd">
<html xmlns="http://www.w3.org/1999/xhtml" xml:lang="en" lang="en">
 <head>
  <title>
</title>
<meta http-equiv="Content-Type" content="text/html;charset=utf-8" />
  <meta name='ocr-system' content='tesseract 3.04.00' />
  <meta name='ocr-capabilities' content='ocr_page ocr_carea ocr_par ocr_line ocrx_word'/>
</head>
<body>
  <div class='ocr_page' id='page_1' title='image "./ecloguesoffaustu00andruoft_0071.png"; bbox 0 0 1840 2731; ppageno 0'>
   <div class='ocr_carea' id='block_1_1' title="bbox 801 103 1047 135">
    <p class='ocr_par' dir='ltr' id='par_1_1' title="bbox 801 103 1047 135">
     <span class='ocr_line' id='line_1_1' title="bbox 801 103 1047 135; baseline 0 -1"><span class='ocrx_word' id='word_1_1' title='bbox 801 103 1047 135; x_wconf 85' lang='lat' dir='ltr'><em>BUCOLICA</em></span> 
     </span>
    </p>
   </div>
   <div class='ocr_carea' id='block_1_2' title="bbox 236 214 1336 373">
    <p class='ocr_par' dir='ltr' id='par_1_2' title="bbox 236 214 1336 373">
     <span class='ocr_line' id='line_1_2' title="bbox 237 214 1336 263; baseline -0.003 -12"><span class='ocrx_word' id='word_1_2' title='bbox 237 216 284 251; x_wconf 89' lang='lat' dir='ltr'>In</span> <span class='ocrx_word' id='word_1_3' title='bbox 306 223 375 252; x_wconf 83' lang='lat' dir='ltr'>tua</span> <span class='ocrx_word' id='word_1_4' title='bbox 393 215 460 252; x_wconf 71' lang='lat' dir='ltr'>sed</span> <span class='ocrx_word' id='word_1_5' title='bbox 491 214 683 261; x_wconf 80' lang='lat' dir='ltr'>(referas)</span> <span class='ocrx_word' id='word_1_6' title='bbox 713 215 844 262; x_wconf 91' lang='lat' dir='ltr'>potuit</span> <span class='ocrx_word' id='word_1_7' title='bbox 865 215 952 263; x_wconf 87' lang='lat' dir='ltr'>quis</span> <span class='ocrx_word' id='word_1_8' title='bbox 974 214 1183 251; x_wconf 86' lang='lat' dir='ltr'>commoda</span> <span class='ocrx_word' id='word_1_9' title='bbox 1205 220 1336 251; x_wconf 71' lang='lat' dir='ltr'>tantos</span> 
     </span>
     <span class='ocr_line' id='line_1_3' title="bbox 236 270 1283 317; baseline -0.002 -10"><span class='ocrx_word' id='word_1_10' title='bbox 236 270 464 308; x_wconf 86' lang='lat' dir='ltr'>Conciliare</span> <span class='ocrx_word' id='word_1_11' title='bbox 486 270 604 316; x_wconf 83' lang='lat' dir='ltr'>deos;</span> <span class='ocrx_word' id='word_1_12' title='bbox 630 276 734 307; x_wconf 89' lang='lat' dir='ltr'>certe</span> <span class='ocrx_word' id='word_1_13' title='bbox 757 276 815 307; x_wconf 84' lang='lat' dir='ltr'>est</span> <span class='ocrx_word' id='word_1_14' title='bbox 837 270 902 306; x_wconf 91' lang='lat' dir='ltr'>hic</span> <span class='ocrx_word' id='word_1_15' title='bbox 924 276 1081 317; x_wconf 83' lang='lat' dir='ltr'>tempus</span> <span class='ocrx_word' id='word_1_16' title='bbox 1104 271 1144 305; x_wconf 87' lang='lat' dir='ltr'>in</span> <span class='ocrx_word' id='word_1_17' title='bbox 1168 282 1283 306; x_wconf 85' lang='lat' dir='ltr'>omne</span> 
     </span>
     <span class='ocr_line' id='line_1_4' title="bbox 238 325 1236 373; baseline -0.001 -11"><span class='ocrx_word' id='word_1_18' title='bbox 238 326 403 362; x_wconf 78' lang='lat' dir='ltr'>Publica</span> <span class='ocrx_word' id='word_1_19' title='bbox 433 327 585 362; x_wconf 87' lang='lat' dir='ltr'>cantari</span> <span class='ocrx_word' id='word_1_20' title='bbox 613 325 759 373; x_wconf 79' lang='lat' dir='ltr'>dignus</span> <span class='ocrx_word' id='word_1_21' title='bbox 787 337 859 373; x_wconf 86' lang='lat' dir='ltr'>per</span> <span class='ocrx_word' id='word_1_22' title='bbox 886 326 1062 373; x_wconf 85' lang='lat' dir='ltr'>compita</span> <span class='ocrx_word' id='word_1_23' title='bbox 1090 332 1236 373; x_wconf 77' lang='lat' dir='ltr'>pastor.</span> 
     </span>
    </p>
   </div>
   <div class='ocr_carea' id='block_1_3' title="bbox 828 437 1027 484">
    <p class='ocr_par' dir='ltr' id='par_1_3' title="bbox 828 437 1027 484">
     <span class='ocr_line' id='line_1_5' title="bbox 828 437 1027 484; baseline -0.005 -10"><span class='ocrx_word' id='word_1_24' title='bbox 828 437 1027 484; x_wconf 73' lang='lat' dir='ltr'>Corydon.</span> 
     </span>
    </p>
   </div>
   <div class='ocr_carea' id='block_1_4' title="bbox 235 526 1381 631">
    <p class='ocr_par' dir='ltr' id='par_1_4' title="bbox 235 526 1381 631">
     <span class='ocr_line' id='line_1_6' title="bbox 290 526 1381 575; baseline -0.002 -11"><span class='ocrx_word' id='word_1_25' title='bbox 290 528 442 573; x_wconf 77' lang='lat' dir='ltr'>Ardua,</span> <span class='ocrx_word' id='word_1_26' title='bbox 472 528 626 575; x_wconf 84' lang='lat' dir='ltr'>Mopse,</span> <span class='ocrx_word' id='word_1_27' title='bbox 655 527 734 564; x_wconf 84' lang='lat' dir='ltr'>fuit</span> <span class='ocrx_word' id='word_1_28' title='bbox 763 527 939 564; x_wconf 87' lang='lat' dir='ltr'>Francae</span> <span class='ocrx_word' id='word_1_29' title='bbox 965 528 1033 575; x_wconf 87' lang='lat' dir='ltr'>qui</span> <span class='ocrx_word' id='word_1_30' title='bbox 1060 526 1239 574; x_wconf 87' lang='lat' dir='ltr'>pondera</span> <span class='ocrx_word' id='word_1_31' title='bbox 1265 527 1381 563; x_wconf 69' lang='lat' dir='ltr'>molis</span> 
     </span>
     <span class='ocr_line' id='line_1_7' title="bbox 235 583 1332 631; baseline -0.002 -12"><span class='ocrx_word' id='word_1_32' title='bbox 235 584 425 627; x_wconf 62' lang='lat' dir='ltr'>Sustinet,</span> <span class='ocrx_word' id='word_1_33' title='bbox 450 584 649 621; x_wconf 82' lang='lat' dir='ltr'>excelsum</span> <span class='ocrx_word' id='word_1_34' title='bbox 671 590 789 620; x_wconf 86' lang='lat' dir='ltr'>notus</span> <span class='ocrx_word' id='word_1_35' title='bbox 811 595 927 631; x_wconf 79' lang='lat' dir='ltr'>super</span> <span class='ocrx_word' id='word_1_36' title='bbox 950 583 1109 620; x_wconf 76' lang='lat' dir='ltr'>aethera</span> <span class='ocrx_word' id='word_1_37' title='bbox 1137 583 1332 630; x_wconf 78' lang='lat' dir='ltr'>Daphnis.</span> 
     </span>
    </p>
   </div>
   <div class='ocr_carea' id='block_1_5' title="bbox 835 694 1018 742">
    <p class='ocr_par' dir='ltr' id='par_1_5' title="bbox 835 694 1018 742">
     <span class='ocr_line' id='line_1_8' title="bbox 835 694 1018 742; baseline 0 -12"><span class='ocrx_word' id='word_1_38' title='bbox 835 694 886 730; x_wconf 76' lang='grc' dir='ltr'><em>Μ</em></span> <span class='ocrx_word' id='word_1_39' title='bbox 889 706 910 729; x_wconf 87' lang='lat'><em>0</em></span> <span class='ocrx_word' id='word_1_40' title='bbox 913 699 1018 742; x_wconf 74' lang='lat' dir='ltr'><em>psus.</em></span> 
     </span>
    </p>
   </div>
   <div class='ocr_carea' id='block_1_6' title="bbox 239 784 1148 943">
    <p class='ocr_par' dir='ltr' id='par_1_6' title="bbox 239 784 1148 943">
     <span class='ocr_line' id='line_1_9' title="bbox 295 784 1122 825; baseline 0.004 -7"><span class='ocrx_word' id='word_1_41' title='bbox 295 786 328 818; x_wconf 71' lang='grc'>(’)</span> <span class='ocrx_word' id='word_1_42' title='bbox 354 793 390 822; x_wconf 89' lang='lat' dir='ltr'>te</span> <span class='ocrx_word' id='word_1_43' title='bbox 414 784 586 825; x_wconf 77' lang='lat' dir='ltr'>felicem,</span> <span class='ocrx_word' id='word_1_44' title='bbox 612 791 716 821; x_wconf 72' lang='lat' dir='ltr'>totus</span> <span class='ocrx_word' id='word_1_45' title='bbox 739 785 801 821; x_wconf 90' lang='lat' dir='ltr'>cui</span> <span class='ocrx_word' id='word_1_46' title='bbox 825 784 953 821; x_wconf 87' lang='lat' dir='ltr'>rideat</span> <span class='ocrx_word' id='word_1_47' title='bbox 976 784 1122 821; x_wconf 79' lang='lat' dir='ltr'>aether.</span> 
     </span>
     <span class='ocr_line' id='line_1_10' title="bbox 242 840 1147 885; baseline -0.002 -9"><span class='ocrx_word' id='word_1_48' title='bbox 242 841 292 877; x_wconf 65' lang='lat' dir='ltr'>lit</span> <span class='ocrx_word' id='word_1_49' title='bbox 316 840 435 877; x_wconf 78' lang='lat' dir='ltr'>tellus</span> <span class='ocrx_word' id='word_1_50' title='bbox 459 842 573 876; x_wconf 91' lang='lat' dir='ltr'>unita</span> <span class='ocrx_word' id='word_1_51' title='bbox 597 840 726 885; x_wconf 72' lang='lat' dir='ltr'>simul,</span> <span class='ocrx_word' id='word_1_52' title='bbox 753 841 815 877; x_wconf 89' lang='lat' dir='ltr'>cui</span> <span class='ocrx_word' id='word_1_53' title='bbox 840 840 967 877; x_wconf 86' lang='lat' dir='ltr'>sidere</span> <span class='ocrx_word' id='word_1_54' title='bbox 991 840 1039 876; x_wconf 84' lang='lat' dir='ltr'>ab</span> <span class='ocrx_word' id='word_1_55' title='bbox 1065 840 1147 876; x_wconf 89' lang='lat' dir='ltr'>alto</span> 
     </span>
     <span class='ocr_line' id='line_1_11' title="bbox 239 896 1148 943; baseline -0.001 -11"><span class='ocrx_word' id='word_1_56' title='bbox 239 896 426 933; x_wconf 76' lang='lat' dir='ltr'>Candida</span> <span class='ocrx_word' id='word_1_57' title='bbox 446 896 514 932; x_wconf 75' lang='lat' dir='ltr'>lux</span> <span class='ocrx_word' id='word_1_58' title='bbox 536 896 651 932; x_wconf 70' lang='lat' dir='ltr'>fulsit</span> <span class='ocrx_word' id='word_1_59' title='bbox 672 896 801 943; x_wconf 86' lang='lat' dir='ltr'>primo</span> <span class='ocrx_word' id='word_1_60' title='bbox 820 896 967 932; x_wconf 79' lang='lat' dir='ltr'>natalis</span> <span class='ocrx_word' id='word_1_61' title='bbox 987 896 1025 931; x_wconf 92' lang='lat' dir='ltr'>in</span> <span class='ocrx_word' id='word_1_62' title='bbox 1045 902 1148 931; x_wconf 91' lang='lat' dir='ltr'>ortu.</span> 
     </span>
    </p>
   </div>
   <div class='ocr_carea' id='block_1_7' title="bbox 832 1007 1031 1054">
    <p class='ocr_par' dir='ltr' id='par_1_7' title="bbox 832 1007 1031 1054">
     <span class='ocr_line' id='line_1_12' title="bbox 832 1007 1031 1054; baseline -0.005 -11"><span class='ocrx_word' id='word_1_63' title='bbox 832 1007 1031 1054; x_wconf 71' lang='lat' dir='ltr'>Corydon.</span> 
     </span>
    </p>
   </div>
   <div class='ocr_carea' id='block_1_8' title="bbox 240 1097 1367 1425">
    <p class='ocr_par' dir='ltr' id='par_1_8' title="bbox 240 1097 1367 1425">
     <span class='ocr_line' id='line_1_13' title="bbox 295 1097 1367 1146; baseline -0.001 -12"><span class='ocrx_word' id='word_1_64' title='bbox 295 1099 410 1134; x_wconf 76' lang='lat' dir='ltr'>&#39;l&#39;unc</span> <span class='ocrx_word' id='word_1_65' title='bbox 433 1110 510 1136; x_wconf 81' lang='lat' dir='ltr'>ero,</span> <span class='ocrx_word' id='word_1_66' title='bbox 533 1099 707 1134; x_wconf 74' lang='lat' dir='ltr'>terrestri</span> <span class='ocrx_word' id='word_1_67' title='bbox 730 1098 761 1135; x_wconf 80' lang='lat' dir='ltr'>si</span> <span class='ocrx_word' id='word_1_68' title='bbox 782 1098 991 1146; x_wconf 85' lang='lat' dir='ltr'>quisquam</span> <span class='ocrx_word' id='word_1_69' title='bbox 1013 1103 1069 1134; x_wconf 77' lang='lat' dir='ltr'>est</span> <span class='ocrx_word' id='word_1_70' title='bbox 1090 1097 1195 1138; x_wconf 81' lang='lat' dir='ltr'>orbe,</span> <span class='ocrx_word' id='word_1_71' title='bbox 1218 1097 1367 1133; x_wconf 72' lang='lat' dir='ltr'>beatus.</span> 
     </span>
     <span class='ocr_line' id='line_1_14' title="bbox 241 1152 1338 1202; baseline -0.002 -13"><span class='ocrx_word' id='word_1_72' title='bbox 241 1155 440 1202; x_wconf 68' lang='lat' dir='ltr'>Assequar</span> <span class='ocrx_word' id='word_1_73' title='bbox 463 1154 610 1190; x_wconf 82' lang='lat' dir='ltr'>invicto</span> <span class='ocrx_word' id='word_1_74' title='bbox 633 1165 722 1189; x_wconf 89' lang='lat' dir='ltr'>cum</span> <span class='ocrx_word' id='word_1_75' title='bbox 743 1164 933 1200; x_wconf 79' lang='lat' dir='ltr'>sponsum</span> <span class='ocrx_word' id='word_1_76' title='bbox 955 1165 978 1189; x_wconf 87' lang='lat' dir='ltr'>a</span> <span class='ocrx_word' id='word_1_77' title='bbox 1001 1153 1170 1189; x_wconf 83' lang='lat' dir='ltr'>Caesare</span> <span class='ocrx_word' id='word_1_78' title='bbox 1192 1152 1338 1188; x_wconf 79' lang='lat' dir='ltr'>saltum</span> 
     </span>
     <span class='ocr_line' id='line_1_15' title="bbox 241 1209 1354 1257; baseline -0.003 -11"><span class='ocrx_word' id='word_1_79' title='bbox 241 1209 331 1256; x_wconf 84' lang='lat' dir='ltr'>Quo</span> <span class='ocrx_word' id='word_1_80' title='bbox 358 1221 446 1246; x_wconf 79' lang='lat' dir='ltr'>inea</span> <span class='ocrx_word' id='word_1_81' title='bbox 472 1215 686 1257; x_wconf 80' lang='lat' dir='ltr'>pascantur</span> <span class='ocrx_word' id='word_1_82' title='bbox 712 1210 896 1256; x_wconf 85' lang='lat' dir='ltr'>proprios</span> <span class='ocrx_word' id='word_1_83' title='bbox 923 1215 1103 1245; x_wconf 85' lang='lat' dir='ltr'>armenta</span> <span class='ocrx_word' id='word_1_84' title='bbox 1131 1220 1200 1255; x_wconf 86' lang='lat' dir='ltr'>per</span> <span class='ocrx_word' id='word_1_85' title='bbox 1227 1219 1354 1256; x_wconf 63' lang='lat' dir='ltr'>agros.</span> 
     </span>
     <span class='ocr_line' id='line_1_16' title="bbox 240 1265 1199 1312; baseline -0.001 -12"><span class='ocrx_word' id='word_1_86' title='bbox 240 1265 314 1301; x_wconf 82' lang='lat' dir='ltr'>Est</span> <span class='ocrx_word' id='word_1_87' title='bbox 338 1266 483 1302; x_wconf 84' lang='lat' dir='ltr'>etenim</span> <span class='ocrx_word' id='word_1_88' title='bbox 507 1265 646 1301; x_wconf 78' lang='lat' dir='ltr'>ductas</span> <span class='ocrx_word' id='word_1_89' title='bbox 670 1265 802 1301; x_wconf 86' lang='lat' dir='ltr'>aliena</span> <span class='ocrx_word' id='word_1_90' title='bbox 824 1265 865 1300; x_wconf 89' lang='lat' dir='ltr'>in</span> <span class='ocrx_word' id='word_1_91' title='bbox 888 1276 1037 1312; x_wconf 84' lang='lat' dir='ltr'>pascua</span> <span class='ocrx_word' id='word_1_92' title='bbox 1059 1275 1199 1300; x_wconf 75' lang='lat' dir='ltr'>vaccas</span> 
     </span>
     <span class='ocr_line' id='line_1_17' title="bbox 245 1319 1116 1364; baseline -0.001 -8"><span class='ocrx_word' id='word_1_93' title='bbox 245 1320 428 1357; x_wconf 78' lang='lat' dir='ltr'>Difficilis</span> <span class='ocrx_word' id='word_1_94' title='bbox 453 1332 607 1357; x_wconf 78' lang='lat' dir='ltr'>servare</span> <span class='ocrx_word' id='word_1_95' title='bbox 631 1320 757 1364; x_wconf 77' lang='lat' dir='ltr'>labor⁷</span> <span class='ocrx_word' id='word_1_96' title='bbox 782 1332 831 1356; x_wconf 92' lang='lat' dir='ltr'>ne</span> <span class='ocrx_word' id='word_1_97' title='bbox 854 1326 993 1356; x_wconf 88' lang='lat' dir='ltr'>mutua</span> <span class='ocrx_word' id='word_1_98' title='bbox 1018 1319 1116 1355; x_wconf 91' lang='lat' dir='ltr'>fiant</span> 
     </span>
     <span class='ocr_line' id='line_1_18' title="bbox 244 1375 1312 1425; baseline 0.001 -14"><span class='ocrx_word' id='word_1_99' title='bbox 244 1377 391 1425; x_wconf 82' lang='lat' dir='ltr'>Iurgia.</span> <span class='ocrx_word' id='word_1_100' title='bbox 456 1376 507 1412; x_wconf 86' lang='lat' dir='ltr'>Di</span> <span class='ocrx_word' id='word_1_101' title='bbox 530 1377 673 1423; x_wconf 74' lang='lat' dir='ltr'>superi,</span> <span class='ocrx_word' id='word_1_102' title='bbox 696 1382 846 1424; x_wconf 82' lang='lat' dir='ltr'>quanta</span> <span class='ocrx_word' id='word_1_103' title='bbox 867 1382 924 1412; x_wconf 76' lang='lat' dir='ltr'>est</span> <span class='ocrx_word' id='word_1_104' title='bbox 946 1375 1093 1411; x_wconf 75' lang='lat' dir='ltr'>dixisse</span> <span class='ocrx_word' id='word_1_105' title='bbox 1114 1375 1312 1422; x_wconf 68' lang='lat' dir='ltr'>voluptas,</span> 
     </span>
    </p>
   </div>
   <div class='ocr_carea' id='block_1_9' title="bbox 238 1431 1487 1479">
    <p class='ocr_par' dir='ltr' id='par_1_9' title="bbox 238 1431 1487 1479">
     <span class='ocr_line' id='line_1_19' title="bbox 238 1431 1487 1479; baseline 0 -11"><span class='ocrx_word' id='word_1_106' title='bbox 238 1432 368 1469; x_wconf 76' lang='lat' dir='ltr'>‘Haec</span> <span class='ocrx_word' id='word_1_107' title='bbox 385 1433 480 1469; x_wconf 71' lang='lat' dir='ltr'>ovis.</span> <span class='ocrx_word' id='word_1_108' title='bbox 499 1432 562 1468; x_wconf 89' lang='lat' dir='ltr'>hic</span> <span class='ocrx_word' id='word_1_109' title='bbox 580 1432 741 1476; x_wconf 73' lang='lat' dir='ltr'>haedus,</span> <span class='ocrx_word' id='word_1_110' title='bbox 760 1443 878 1479; x_wconf 87' lang='lat' dir='ltr'>caper</span> <span class='ocrx_word' id='word_1_111' title='bbox 895 1431 971 1476; x_wconf 72' lang='lat' dir='ltr'>hic,</span> <span class='ocrx_word' id='word_1_112' title='bbox 991 1431 1087 1468; x_wconf 87' lang='lat' dir='ltr'>haec</span> <span class='ocrx_word' id='word_1_113' title='bbox 1105 1431 1253 1478; x_wconf 87' lang='lat' dir='ltr'>pabula</span> <span class='ocrx_word' id='word_1_114' title='bbox 1271 1438 1307 1467; x_wconf 89' lang='lat' dir='ltr'>et</span> <span class='ocrx_word' id='word_1_115' title='bbox 1326 1431 1389 1466; x_wconf 86' lang='lat' dir='ltr'>hic</span> <span class='ocrx_word' id='word_1_116' title='bbox 1406 1431 1487 1468; x_wconf 66' lang='lat' dir='ltr'>bos.</span> 
     </span>
    </p>
   </div>
   <div class='ocr_carea' id='block_1_10' title="bbox 243 1486 1440 1591">
    <p class='ocr_par' dir='ltr' id='par_1_10' title="bbox 243 1486 1440 1591">
     <span class='ocr_line' id='line_1_20' title="bbox 244 1486 1440 1535; baseline 0 -11"><span class='ocrx_word' id='word_1_117' title='bbox 244 1489 356 1525; x_wconf 89' lang='lat' dir='ltr'>Haec</span> <span class='ocrx_word' id='word_1_118' title='bbox 376 1500 477 1526; x_wconf 80' lang='lat' dir='ltr'>casa,</span> <span class='ocrx_word' id='word_1_119' title='bbox 502 1488 654 1535; x_wconf 63' lang='lat' dir='ltr'>Mopse</span> <span class='ocrx_word' id='word_1_120' title='bbox 676 1500 763 1524; x_wconf 81' lang='lat' dir='ltr'>inea</span> <span class='ocrx_word' id='word_1_121' title='bbox 783 1495 864 1534; x_wconf 73' lang='lat' dir='ltr'>est;</span> <span class='ocrx_word' id='word_1_122' title='bbox 887 1499 960 1524; x_wconf 91' lang='lat' dir='ltr'>nec</span> <span class='ocrx_word' id='word_1_123' title='bbox 980 1486 1100 1524; x_wconf 83' lang='lat' dir='ltr'>faena</span> <span class='ocrx_word' id='word_1_124' title='bbox 1121 1487 1284 1523; x_wconf 84' lang='lat' dir='ltr'>aliunde</span> <span class='ocrx_word' id='word_1_125' title='bbox 1305 1487 1440 1534; x_wconf 81' lang='lat' dir='ltr'>petita.</span> 
     </span>
     <span class='ocr_line' id='line_1_21' title="bbox 243 1542 1311 1591; baseline 0 -13"><span class='ocrx_word' id='word_1_126' title='bbox 243 1544 440 1591; x_wconf 71' lang='lat' dir='ltr'>Depastas</span> <span class='ocrx_word' id='word_1_127' title='bbox 462 1551 649 1580; x_wconf 71' lang='lat' dir='ltr'>revocant</span> <span class='ocrx_word' id='word_1_128' title='bbox 672 1556 759 1580; x_wconf 85' lang='lat' dir='ltr'>cum</span> <span class='ocrx_word' id='word_1_129' title='bbox 783 1555 869 1580; x_wconf 76' lang='lat' dir='ltr'>sera</span> <span class='ocrx_word' id='word_1_130' title='bbox 888 1543 1123 1591; x_wconf 74' lang='lat' dir='ltr'>vcrepuscula</span> <span class='ocrx_word' id='word_1_131' title='bbox 1146 1542 1311 1579; x_wconf 53' lang='lat' dir='ltr'>vaccas)</span> 
     </span>
    </p>
   </div>
   <div class='ocr_carea' id='block_1_11' title="bbox 842 1655 1024 1703">
    <p class='ocr_par' dir='ltr' id='par_1_11' title="bbox 842 1655 1024 1703">
     <span class='ocr_line' id='line_1_22' title="bbox 842 1655 1024 1703; baseline 0 -12"><span class='ocrx_word' id='word_1_132' title='bbox 842 1655 1024 1703; x_wconf 75' lang='lat' dir='ltr'>Mopsus.</span> 
     </span>
    </p>
   </div>
   <div class='ocr_carea' id='block_1_12' title="bbox 247 1745 1369 1850">
    <p class='ocr_par' dir='ltr' id='par_1_12' title="bbox 247 1745 1369 1850">
     <span class='ocr_line' id='line_1_23' title="bbox 299 1745 1369 1793; baseline -0.003 -10"><span class='ocrx_word' id='word_1_133' title='bbox 299 1748 402 1783; x_wconf 64' lang='lat' dir='ltr'>Cum</span> <span class='ocrx_word' id='word_1_134' title='bbox 421 1747 567 1783; x_wconf 72' lang='lat' dir='ltr'>biberis</span> <span class='ocrx_word' id='word_1_135' title='bbox 588 1747 724 1783; x_wconf 77' lang='lat' dir='ltr'>sitiens</span> <span class='ocrx_word' id='word_1_136' title='bbox 745 1752 924 1793; x_wconf 87' lang='lat' dir='ltr'>optatam</span> <span class='ocrx_word' id='word_1_137' title='bbox 945 1745 1187 1793; x_wconf 79' lang='lat' dir='ltr'>hydropicus</span> <span class='ocrx_word' id='word_1_138' title='bbox 1209 1745 1369 1784; x_wconf 81' lang='lat' dir='ltr'>undam,</span> 
     </span>
     <span class='ocr_line' id='line_1_24' title="bbox 247 1800 1132 1850; baseline -0.002 -12"><span class='ocrx_word' id='word_1_139' title='bbox 247 1803 444 1838; x_wconf 78' lang='lat' dir='ltr'>Maiorine</span> <span class='ocrx_word' id='word_1_140' title='bbox 466 1808 573 1849; x_wconf 72' lang='lat' dir='ltr'>petes·</span> <span class='ocrx_word' id='word_1_141' title='bbox 595 1802 693 1838; x_wconf 71' lang='lat' dir='ltr'>alios</span> <span class='ocrx_word' id='word_1_142' title='bbox 716 1801 765 1838; x_wconf 91' lang='lat' dir='ltr'>de</span> <span class='ocrx_word' id='word_1_143' title='bbox 787 1802 945 1850; x_wconf 83' lang='lat' dir='ltr'>gurgite</span> <span class='ocrx_word' id='word_1_144' title='bbox 965 1800 1132 1837; x_wconf 75' lang='lat' dir='ltr'>fluctus?</span> 
     </span>
    </p>
   </div>
   <div class='ocr_carea' id='block_1_13' title="bbox 837 1912 1036 1960">
    <p class='ocr_par' dir='ltr' id='par_1_13' title="bbox 837 1912 1036 1960">
     <span class='ocr_line' id='line_1_25' title="bbox 837 1912 1036 1960; baseline -0.015 -10"><span class='ocrx_word' id='word_1_145' title='bbox 837 1912 1036 1960; x_wconf 71' lang='lat' dir='ltr'>Corydon.</span> 
     </span>
    </p>
   </div>
   <div class='ocr_carea' id='block_1_14' title="bbox 245 2002 1340 2271">
    <p class='ocr_par' dir='ltr' id='par_1_14' title="bbox 245 2002 1340 2271">
     <span class='ocr_line' id='line_1_26' title="bbox 302 2002 1181 2050; baseline -0.002 -10"><span class='ocrx_word' id='word_1_146' title='bbox 302 2003 454 2040; x_wconf 81' lang='lat' dir='ltr'>Infelix</span> <span class='ocrx_word' id='word_1_147' title='bbox 476 2004 538 2040; x_wconf 90' lang='lat' dir='ltr'>cui</span> <span class='ocrx_word' id='word_1_148' title='bbox 559 2004 609 2040; x_wconf 82' lang='lat' dir='ltr'>sit</span> <span class='ocrx_word' id='word_1_149' title='bbox 629 2010 766 2040; x_wconf 77' lang='lat' dir='ltr'>votum</span> <span class='ocrx_word' id='word_1_150' title='bbox 787 2002 1013 2039; x_wconf 82' lang='lat' dir='ltr'>insatiabile</span> <span class='ocrx_word' id='word_1_151' title='bbox 1035 2008 1181 2050; x_wconf 84' lang='lat' dir='ltr'>pastor.</span> 
     </span>
     <span class='ocr_line' id='line_1_27' title="bbox 245 2058 1196 2106; baseline 0 -13"><span class='ocrx_word' id='word_1_152' title='bbox 245 2058 419 2105; x_wconf 82' lang='lat' dir='ltr'>Quando</span> <span class='ocrx_word' id='word_1_153' title='bbox 448 2060 526 2095; x_wconf 89' lang='lat' dir='ltr'>iam</span> <span class='ocrx_word' id='word_1_154' title='bbox 553 2060 628 2095; x_wconf 90' lang='lat' dir='ltr'>tuti</span> <span class='ocrx_word' id='word_1_155' title='bbox 657 2065 812 2095; x_wconf 89' lang='lat' dir='ltr'>tantum</span> <span class='ocrx_word' id='word_1_156' title='bbox 839 2059 1038 2106; x_wconf 81' lang='lat' dir='ltr'>congessit</span> <span class='ocrx_word' id='word_1_157' title='bbox 1066 2059 1196 2094; x_wconf 83' lang='lat' dir='ltr'>acervi</span> 
     </span>
     <span class='ocr_line' id='line_1_28' title="bbox 245 2113 1340 2161; baseline -0.001 -9"><span class='ocrx_word' id='word_1_158' title='bbox 245 2115 453 2161; x_wconf 86' lang='lat' dir='ltr'>Quantum</span> <span class='ocrx_word' id='word_1_159' title='bbox 477 2114 552 2159; x_wconf 85' lang='lat' dir='ltr'>hic,</span> <span class='ocrx_word' id='word_1_160' title='bbox 576 2121 762 2151; x_wconf 77' lang='lat' dir='ltr'>externae</span> <span class='ocrx_word' id='word_1_161' title='bbox 783 2115 893 2150; x_wconf 85' lang='lat' dir='ltr'>vivat</span> <span class='ocrx_word' id='word_1_162' title='bbox 915 2125 995 2150; x_wconf 88' lang='lat' dir='ltr'>non</span> <span class='ocrx_word' id='word_1_163' title='bbox 1019 2113 1178 2161; x_wconf 80' lang='lat' dir='ltr'>indigus</span> <span class='ocrx_word' id='word_1_164' title='bbox 1202 2124 1340 2151; x_wconf 86' lang='lat' dir='ltr'>arcae:</span> 
     </span>
     <span class='ocr_line' id='line_1_29' title="bbox 248 2168 1260 2218; baseline -0.002 -12"><span class='ocrx_word' id='word_1_165' title='bbox 248 2170 373 2207; x_wconf 89' lang='lat' dir='ltr'>Haud</span> <span class='ocrx_word' id='word_1_166' title='bbox 396 2170 530 2218; x_wconf 84' lang='lat' dir='ltr'>plures</span> <span class='ocrx_word' id='word_1_167' title='bbox 553 2170 712 2207; x_wconf 84' lang='lat' dir='ltr'>affectet</span> <span class='ocrx_word' id='word_1_168' title='bbox 735 2181 841 2217; x_wconf 79' lang='lat' dir='ltr'>opeS,</span> <span class='ocrx_word' id='word_1_169' title='bbox 866 2169 1064 2206; x_wconf 77' lang='lat' dir='ltr'>extinctus</span> <span class='ocrx_word' id='word_1_170' title='bbox 1087 2168 1260 2205; x_wconf 86' lang='lat' dir='ltr'>habendi</span> 
     </span>
     <span class='ocr_line' id='line_1_30' title="bbox 245 2223 1252 2271; baseline -0.003 -8"><span class='ocrx_word' id='word_1_171' title='bbox 245 2225 383 2263; x_wconf 71' lang='lat' dir='ltr'>Cesset</span> <span class='ocrx_word' id='word_1_172' title='bbox 409 2238 543 2271; x_wconf 75' lang='lat' dir='ltr'>amor3</span> <span class='ocrx_word' id='word_1_173' title='bbox 571 2232 676 2262; x_wconf 89' lang='lat' dir='ltr'>certo</span> <span class='ocrx_word' id='word_1_174' title='bbox 704 2224 905 2262; x_wconf 82' lang='lat' dir='ltr'>frenanda</span> <span class='ocrx_word' id='word_1_175' title='bbox 928 2231 985 2261; x_wconf 85' lang='lat' dir='ltr'>est</span> <span class='ocrx_word' id='word_1_176' title='bbox 1011 2223 1090 2261; x_wconf 89' lang='lat' dir='ltr'>fine</span> <span class='ocrx_word' id='word_1_177' title='bbox 1115 2223 1252 2260; x_wconf 85' lang='lat' dir='ltr'>libido.</span> 
     </span>
    </p>
   </div>
   <div class='ocr_carea' id='block_1_15' title="bbox 847 2336 1029 2384">
    <p class='ocr_par' dir='ltr' id='par_1_15' title="bbox 847 2336 1029 2384">
     <span class='ocr_line' id='line_1_31' title="bbox 847 2336 1029 2384; baseline 0 -13"><span class='ocrx_word' id='word_1_178' title='bbox 847 2336 896 2372; x_wconf 81' lang='lat' dir='ltr'><em>M</em></span> <span class='ocrx_word' id='word_1_179' title='bbox 900 2348 921 2371; x_wconf 87' lang='lat'><em>0</em></span> <span class='ocrx_word' id='word_1_180' title='bbox 923 2341 1029 2384; x_wconf 77' lang='lat' dir='ltr'><em>psus.</em></span> 
     </span>
    </p>
   </div>
   <div class='ocr_carea' id='block_1_16' title="bbox 302 2425 1285 2474">
    <p class='ocr_par' dir='ltr' id='par_1_16' title="bbox 302 2425 1285 2474">
     <span class='ocr_line' id='line_1_32' title="bbox 302 2425 1285 2474; baseline -0.005 -10"><span class='ocrx_word' id='word_1_181' title='bbox 302 2426 413 2474; x_wconf 81' lang='lat' dir='ltr'>Quid</span> <span class='ocrx_word' id='word_1_182' title='bbox 440 2428 471 2463; x_wconf 75' lang='lat' dir='ltr'>si</span> <span class='ocrx_word' id='word_1_183' title='bbox 498 2434 637 2474; x_wconf 78' lang='lat' dir='ltr'>sponte</span> <span class='ocrx_word' id='word_1_184' title='bbox 662 2426 774 2463; x_wconf 88' lang='lat' dir='ltr'>daret</span> <span class='ocrx_word' id='word_1_185' title='bbox 801 2426 921 2474; x_wconf 84' lang='lat' dir='ltr'>longe</span> <span class='ocrx_word' id='word_1_186' title='bbox 945 2426 1097 2462; x_wconf 86' lang='lat' dir='ltr'>maiora</span> <span class='ocrx_word' id='word_1_187' title='bbox 1123 2425 1285 2473; x_wconf 78' lang='lat' dir='ltr'>petitis?</span> 
     </span>
    </p>
   </div>
   <div class='ocr_carea' id='block_1_17' title="bbox 1567 104 1615 142">
    <p class='ocr_par' dir='ltr' id='par_1_17' title="bbox 1567 104 1615 142">
     <span class='ocr_line' id='line_1_33' title="bbox 1567 104 1615 142; baseline 0.063 -3"><span class='ocrx_word' id='word_1_188' title='bbox 1567 104 1615 142; x_wconf 74' lang='lat'>65</span> 
     </span>
    </p>
   </div>
   <div class='ocr_carea' id='block_1_18' title="bbox 1547 582 1622 618">
    <p class='ocr_par' dir='ltr' id='par_1_18' title="bbox 1547 582 1622 618">
     <span class='ocr_line' id='line_1_34' title="bbox 1547 582 1622 618; baseline -0.04 -1"><span class='ocrx_word' id='word_1_189' title='bbox 1547 582 1622 618; x_wconf 78' lang='lat'>260</span> 
     </span>
    </p>
   </div>
   <div class='ocr_carea' id='block_1_19' title="bbox 1556 2425 1632 2459">
    <p class='ocr_par' dir='ltr' id='par_1_19' title="bbox 1556 2425 1632 2459">
     <span class='ocr_line' id='line_1_35' title="bbox 1556 2425 1632 2459; baseline 0 -1"><span class='ocrx_word' id='word_1_190' title='bbox 1556 2425 1632 2459; x_wconf 79' lang='lat'>280</span> 
     </span>
    </p>
   </div>
  </div>
 </body>
</html>
