1840 2731
850 122 1097 154 BUCOLICA
1615 122 1663 160 37

281 170 307 196 ε
327 169 390 183 '²’-
459 176 461 179 ·

286 170 466 269 Perdidit
492 239 536 270 ut
563 215 942 281 longa'confectum
970 239 1098 270 aetate
1124 238 1341 281 parentem,

287 288 481 325 Unanimi
508 294 643 337 gratus
671 289 824 338 populo
848 289 1123 326 moderamina
1149 289 1318 337 sumpsit
1594 290 1667 324 110

286 344 507 381 Immatura
528 356 636 392 puer,
661 346 843 393 iustaque
865 344 1044 382 refrenat
1067 345 1223 382 habena
1236 357 1246 392 5

286 399 447 437 Eminet
472 406 509 437 et
534 412 669 438 sensus
693 400 860 437 iuvenili
883 402 925 437 in
947 400 1067 438 corde
1091 400 1238 438 senilis.

338 455 455 493 Haec
482 457 624 493 cecinit
655 455 832 503 Cedrus;
864 468 1056 494 memores
1084 462 1245 494 narrate
1276 456 1477 493 Camenae

285 510 476 560 Congrua
503 524 604 560 quae
633 511 786 550 fuerint
816 511 937 549 Lauri
966 523 1156 561 responsa
1183 512 1393 561 sequentis.

888 636 1057 672 Laurus.

339 723 461 762 Nunc
478 736 595 771 nunc,
616 724 773 761 Phoebe
790 731 942 773 potem,
961 723 1210 761 modulanda
1228 725 1268 761 in
1287 724 1466 761 carmina
1482 724 1586 761 vires

286 780 426 818 Funde
449 786 548 826 tuaS,
572 792 622 818 ne
644 786 760 829 turpe
783 792 829 817 ac
852 781 1003 817 victum
1025 780 1197 818 dedecus
1219 786 1354 817 astem.

285 836 409 873 Hunc
431 837 550 874 etiam
571 836 739 874 cantabo
764 836 882 874 deum
905 837 974 885 qui
998 836 1131 874 Marte
1154 835 1327 873 secundo

284 891 462 929 Infestas
488 893 591 929 acies
619 892 770 938 sternit,
800 898 1015 942 gentesque
1041 892 1235 940 superbas

283 947 365 985 Sub
388 948 483 997 iuga
505 947 679 986 demittit
703 947 846 985 faciles
868 947 1078 985 reddentia
1098 959 1238 985 mores.

284 1003 390 1041 Ecce
411 1003 548 1041 Minor
569 1003 689 1041 celeri
707 1010 895 1053 superata
915 1003 1128 1041 Britannia
1147 1003 1253 1041 beno
1594 1004 1666 1039 120

285 1059 414 1105 Paret,
438 1065 476 1097 et
496 1060 665 1108 insignis
684 1066 862 1108 superest
881 1071 986 1097 nova
1007 1071 1126 1097 causa
1147 1059 1351 1108 triumphi.

285 1115 410 1152 Hunc
434 1115 466 1152 si
488 1116 791 1165 magnanimum
815 1121 1054 1153 tractantem
1078 1115 1233 1164 proelia
1259 1115 1406 1152 Caesar

285 1170 457 1209 Strenua
478 1171 654 1216 vidisset,
681 1171 866 1208 Romano
891 1171 1030 1209 Gallia
1052 1183 1270 1221 numquam

287 1227 463 1276 Imperio
491 1227 668 1265 subiecta
696 1226 812 1264 foret.
875 1227 959 1264 Pax
988 1239 1108 1264 aurea
1134 1239 1263 1275 nuper

285 1282 339 1320 Et
359 1294 496 1320 secura
517 1284 628 1333 quies
649 1283 947 1332 tranquillaque
969 1289 1151 1332 tempora
1172 1282 1324 1319 florent.

285 1338 477 1388 Deposito
505 1339 689 1388 squalore
711 1340 812 1376 nitet
836 1345 1042 1388 nuptaque
1066 1340 1216 1376 recenti

285 1394 437 1432 Iubilat
456 1395 583 1432 omnis
602 1406 696 1444 ager
714 1406 930 1445 vocemque
949 1394 1000 1432 ad
1019 1394 1151 1432 sidera
1170 1396 1303 1441 iactat,

283 1450 417 1500 Atque
439 1450 564 1488 alium
585 1462 633 1488 ex
654 1450 736 1488 alio
757 1456 896 1488 natum
918 1462 988 1499 per
1010 1451 1117 1488 laeta
1139 1457 1325 1500 precatur

285 1506 489 1555 Tempora
515 1512 707 1556 perpetuo
736 1506 1012 1555 productaque
1039 1506 1110 1544 fila
1136 1507 1313 1544 metallo.

285 1561 395 1600 Dum
417 1562 558 1600 domus
582 1563 678 1600 haec
701 1562 824 1600 stabit
846 1562 947 1600 solio
971 1563 1141 1600 subnixa
1163 1562 1348 1607 verendo,
1593 1563 1666 1599 130

283 1617 441 1656 Afficiet
464 1619 577 1656 varia
600 1624 728 1656 totum
753 1618 972 1656 formidine
994 1618 1190 1656 mundum

286 1673 496 1712 Extollens
523 1674 693 1712 sublime
717 1680 838 1723 caput
864 1673 1095 1723 famamque
1120 1686 1345 1723 perennem.

904 1796 1042 1834 Pinus.

339 1887 502 1925 Arbiter
530 1886 719 1936 indignus
747 1887 851 1924 tanti
878 1887 1105 1924 certaminis
1134 1886 1285 1923 adsum.

286 1943 380 1980 Hoc
404 1943 530 1980 maior
557 1954 723 1980 censura
748 1948 859 1980 notet
873 1954 883 1989 3
912 1943 1029 1979 nimis
1056 1942 1140 1979 alta
1164 1948 1367 1990 petuntur,

287 1998 445 2037 Iudicio
466 2011 547 2036 non
570 2004 666 2047 apta
687 2010 786 2036 meo.
849 1998 936 2036 Iam
960 1998 1029 2035 lite
1053 2004 1216 2047 peracta

287 2054 340 2092 Et
359 2066 498 2103 pacem
516 2060 717 2092 aeternam
737 2054 940 2103 laetasque
959 2053 1167 2102 adiungite
1184 2053 1357 2091 dextras.
