1840 2731
249 168 321 205 116
776 168 1091 200 APPENDJCES

243 278 371 314 cusavi,
405 278 495 317 quod
527 289 716 315 commune,
749 278 950 310 Scholastici
982 279 1202 315 Parisienses,
1234 279 1318 310 mihi
1349 278 1524 310 vobiscum
1556 289 1627 308 esse

245 323 352 354 debet.
379 347 386 353 .
412 347 419 354 .
445 347 452 354 .

291 367 358 398 His
380 367 513 398 duobus
536 368 634 398 annis
655 367 810 399 larvatus
831 367 888 398 ille
908 367 1136 399 calumniator
1156 367 1334 407 improbus
1362 368 1435 405 (cui
1455 368 1629 398 contraria

244 411 526 450 interpretatione
563 423 687 442 nomen
726 412 882 451 obvenit)
924 413 1013 443 inter
1052 412 1297 443 offendendum
1336 411 1499 450 gloriolas
1539 422 1628 446 suas,

243 456 371 495 quibus
395 457 537 487 miseros
564 456 737 487 auditores
765 456 849 487 solet
876 457 1022 495 singulis
1049 466 1190 487 onerare
1214 456 1428 492 lectionibus,
1457 455 1629 486 absentem

248 500 392 532 Balbum
419 501 582 531 lacessere
610 500 801 532 maledictis
829 512 897 532 non
925 501 1007 531 satis
1037 501 1234 537 arbitratus,
1264 501 1389 531 falsam
1416 501 1497 539 quin
1526 500 1628 530 etiam

251 545 308 583 (ut
342 545 506 584 dicimus)
547 545 739 576 subducens
774 545 953 581 rationem,
986 545 1177 580 obscenam,
1210 544 1501 580 contumeliosam,
1538 555 1629 575 arro-

248 590 384 628 gantiae
404 589 662 627 calumniaeque
684 589 821 628 plenam
841 589 993 628 eclogam
1017 589 1333 628 quomodocumque
1353 589 1553 628 composuit.
1576 589 1631 620 cui

250 634 300 665 De
324 634 424 672 Fuga
446 633 544 664 Balbi
565 633 693 665 indidit
712 634 934 672 epigramma.
981 633 1057 664 Hoc
1078 644 1205 664 vanum
1225 633 1396 672 imprimis
1417 633 1630 671 mendaxque

249 689 318 709 esse
340 678 441 709 facile
464 678 742 709 monstrabimus.
769 703 775 708 .
801 702 808 709 .
1006 683 1008 685 '

293 723 405 761 Atque
437 723 471 753 in
503 723 602 754 initio
636 722 734 753 Balbi
765 723 963 758 discessum,
992 733 1091 761 quem
1124 727 1160 753 tu
1189 722 1356 753 maledica
1386 721 1632 753 consuetudine

251 768 394 806 ‘sugam
409 768 416 781 '
437 767 654 806 nuncupasti,
677 767 795 806 paucis
816 767 978 806 aperiam.
1004 792 1010 798 .
1037 791 1044 797 .
1070 792 1076 798 .
1105 767 1339 805 Hieronymus
1363 766 1490 797 Balbus
1513 767 1547 797 in
1571 766 1633 797 hoe

250 812 526 850 praeclarissimo
556 812 659 842 totius
691 811 784 842 orbis
815 817 985 842 terrarum
1017 811 1205 849 Gymnasio
1236 811 1383 842 feliciter
1414 822 1473 850 per
1503 815 1633 848 septen-

250 857 344 887 nium
378 857 485 887 ferme
518 857 683 895 poeticen,
714 856 916 891 rhetoricen,
949 856 1172 894 astrologiam
1202 855 1523 894 philosophiamque
1557 865 1633 894 pro-

253 901 374 933 fessus.
401 912 470 931 rem
499 906 598 939 atque
629 901 757 931 famam
786 900 850 931 sibi
878 901 1072 939 comparuit
1103 900 1377 939 (comparaviff)
1413 900 1633 938 fructumque

251 946 363 976 effecit
390 956 458 976 non
486 945 658 976 modicum
694 945 804 983 (quod
831 950 863 976 et
889 945 952 975 hoc
983 945 1210 983 Gymnasium
1238 955 1301 983 pro
1331 955 1393 975 sua
1421 943 1633 975 humanitate

252 990 475 1020 libentissime
505 990 652 1028 fatetur)
685 995 757 1020 tum
785 990 937 1020 docendo
965 995 1035 1020 tuni
1064 989 1292 1027 praestigiosa
1318 988 1634 1027 grammatistarum

252 1034 558 1073 interpretamenta
588 1034 808 1065 eliminando.
835 1058 841 1065 .
867 1058 873 1064 .
900 1058 906 1064 .
934 1034 1018 1065 Eius
1049 1039 1225 1072 praeterea
1253 1033 1303 1064 ita
1331 1043 1363 1064 se
1394 1043 1504 1063 mores
1535 1031 1634 1062 habe-

252 1079 336 1110 bant
363 1084 398 1110 ut
423 1079 562 1110 minime
587 1078 712 1110 multos
740 1078 899 1114 laederet,
926 1078 1079 1109 omnium
1104 1078 1273 1108 bonorum
1300 1077 1542 1115 obsequeretur
1568 1084 1635 1107 stu-

253 1124 339 1160 diis;
371 1123 528 1154 omnibus
560 1123 662 1159 mitis,
693 1123 851 1154 omnibus
881 1128 952 1153 erat
982 1122 1152 1159 affabilis;
1185 1122 1238 1152 his
1268 1121 1368 1152 rebus
1400 1122 1435 1152 in
1465 1120 1636 1152 nobilissi-

252 1179 386 1199 morum
409 1168 562 1199 virorum
584 1179 711 1206 magna
732 1168 857 1198 virtute
878 1177 1070 1205 magnaque
1092 1167 1327 1205 praeditorum
1349 1166 1506 1197 doctrina
1534 1165 1636 1204 (quos

254 1223 314 1244 suo
341 1212 499 1251 deinceps
527 1213 720 1243 honestavit
747 1212 915 1251 carmine)
950 1211 1136 1242 amicitiam
1166 1211 1256 1242 ultro
1283 1211 1420 1246 ascitus,
1445 1234 1452 1241 .
1478 1234 1484 1240 .
1511 1234 1517 1240 .
1543 1209 1636 1240 scho-

254 1257 454 1288 lasticorum
483 1257 624 1295 insuper
655 1256 893 1287 benevolentia
921 1256 1072 1287 maxima
1101 1255 1309 1294 complexus,
1339 1266 1376 1286 ac
1406 1254 1503 1285 brevi
1532 1253 1638 1285 veluti

253 1301 444 1332 communis
465 1301 658 1332 animorum
678 1311 802 1340 parens
823 1301 1022 1332 carissimus
1040 1300 1188 1331 habitus.

300 1346 414 1385 Quare
444 1346 593 1381 Invidia,
625 1345 765 1376 alterius
797 1356 928 1384 semper
958 1345 1046 1375 bono
1075 1345 1197 1381 acrior,
1231 1344 1376 1375 Balbum
1405 1342 1524 1375 crebro
1553 1341 1638 1374 mul-

257 1390 365 1428 tisque
391 1401 554 1428 aggressa
577 1390 862 1420 machinamentis
885 1390 1014 1420 deicere
1040 1400 1059 1420 a
1081 1389 1154 1420 loco
1180 1400 1240 1420 suo
1265 1389 1428 1424 tentavit;
1455 1398 1557 1425 quam
1581 1387 1638 1418 ille

256 1435 422 1473 repellens
449 1435 599 1466 animose
625 1435 743 1465 firmus
770 1434 881 1465 locum
906 1445 967 1464 sua
992 1434 1118 1464 virtute
1142 1439 1302 1472 paratum
1326 1432 1484 1463 obt'nuit.
1532 1431 1638 1463 Cuius

257 1480 304 1510 rei
338 1479 410 1518 ipse
444 1479 735 1517 locupletissimus
767 1489 801 1509 es
837 1478 941 1513 testis,
976 1488 1075 1516 quem
1111 1477 1233 1508 abhinc
1267 1487 1374 1507 annos
1408 1481 1570 1515 quattuor
1606 1486 1639 1506 se

255 1523 420 1554 lacessere
443 1528 622 1554 conantem
647 1524 695 1554 ita
718 1523 830 1562 primo
855 1523 1042 1561 prostravit
1065 1532 1263 1560 congressu,
1286 1527 1322 1552 ut
1349 1522 1436 1559 fuga
1458 1520 1639 1558 praecipiti

258 1568 299 1599 ab
330 1568 425 1599 illius
457 1573 487 1598 te
521 1568 732 1599 subtraxeris
763 1578 916 1599 occursu,
952 1567 1212 1605 peragratisque
1247 1566 1421 1596 Pictorum
1454 1564 1640 1596 Tolosano-

258 1623 400 1651 rumque
446 1612 572 1643 finibus
614 1612 776 1650 quoniam
819 1611 943 1650 ubique
987 1611 1196 1649 contemptui
1240 1610 1458 1647 ludibrioque
1504 1609 1640 1643 fuisses,

259 1657 411 1688 Parisios
433 1657 568 1693 iterum,
593 1657 656 1688 hoc
681 1656 775 1687 illius
800 1656 862 1687 tibi
888 1661 1091 1694 suggerente
1115 1655 1337 1693 benignitate,
1360 1654 1513 1685 esuriens
1539 1653 1641 1684 advo-

256 1701 393 1733 laveris

304 1746 432 1776 Balbus
452 1745 642 1784 septennali
667 1746 806 1776 functus
826 1745 1108 1783 interpretatione
1130 1749 1291 1782 ratusque
1314 1743 1484 1774 iuventuti
1508 1741 1641 1773 abunde

260 1790 488 1826 satisfactum,
512 1790 554 1821 ad
575 1790 769 1821 litterarum
792 1790 899 1820 otium
923 1789 1058 1827 regredi
1082 1789 1115 1819 in
1138 1788 1352 1827 patriamque
1375 1787 1527 1826 disponit
1549 1796 1641 1824 repe-

260 1834 361 1871 dare;
390 1834 480 1872 quod
508 1835 734 1873 percipientes
763 1833 922 1864 malevoli
947 1833 1113 1871 lividique
1141 1833 1306 1865 homines,
1335 1842 1466 1863 summo
1493 1830 1642 1862 confecti

259 1879 376 1910 dolore
395 1879 572 1910 inimicum
593 1884 688 1909 tanta
705 1889 781 1909 cum
801 1878 914 1917 gloria
933 1877 1037 1913 abire,
1055 1877 1206 1908 invidiae
1226 1877 1352 1907 aculeis
1370 1881 1486 1907 noctes
1504 1875 1643 1913 diesque

261 1923 539 1959 stimulabantur‚
571 1928 607 1954 ut
636 1923 788 1961 aliquam
817 1922 923 1953 veluti
953 1921 1142 1953 labeculam
1174 1921 1396 1959 integerrimo
1427 1920 1501 1951 viro
1531 1929 1642 1958 asper-

261 1973 390 2007 gerent,
415 1979 481 2006 quo
505 1968 577 1998 eius
601 1967 717 1998 omnia
741 1967 1018 2006 praeclarissima
1039 1971 1196 1997 anteacta
1220 1965 1431 1996 sedarentur.
1482 1963 1643 1995 Pluribus

260 2012 295 2043 in
318 2012 380 2043 hac
402 2012 646 2043 deliberatione
669 2012 803 2042 frustra
822 2011 1034 2049 consumptis
1055 2010 1184 2045 diebus,
1206 2010 1335 2040 inventi
1360 2008 1496 2040 tandem
1516 2007 1642 2047 perditi

260 2056 503 2096 profligatique
529 2057 684 2087 homines
714 2057 878 2094 (quorum
902 2066 1023 2086 nomen
1050 2054 1277 2093 professionis
1303 2054 1531 2089 veneratione,
1558 2062 1642 2090 quae

261 2106 375 2132 tamen
402 2101 437 2131 in
465 2112 516 2131 me
547 2101 668 2136 adhuc,
698 2100 835 2138 latebit)
871 2110 948 2130 cum
978 2099 1084 2130 Balbo
1115 2109 1322 2137 quamquam
1351 2097 1498 2136 indigni,
1529 2096 1645 2134 aliqua

262 2150 387 2181 tamen,
407 2145 498 2184 quod
517 2151 627 2176 essent
648 2144 872 2180 conterranei,
896 2143 1134 2174 familiaritate
1154 2143 1313 2177 devincti,
1333 2143 1426 2173 intus
1449 2143 1496 2172 rei
1517 2140 1644 2172 famili-

263 2190 331 2221 aris
353 2190 504 2220 maxima
524 2189 679 2228 oppressi
702 2189 857 2227 penuria,
882 2188 968 2219 foris
990 2187 1101 2218 alieno
1123 2197 1198 2218 aere
1222 2186 1387 2222 obstricti,
1410 2185 1452 2217 ob
1474 2185 1576 2224 idque
1601 2184 1645 2216 ad

263 2234 441 2273 quodlibet
470 2234 606 2264 facinus
638 2233 859 2272 quantumvis
889 2232 1091 2263 sceleratum
1121 2231 1274 2262 mercede
1303 2231 1482 2269 proposita
1508 2229 1644 2268 expedi-

264 2278 406 2314 tissimi;
439 2278 473 2308 hi
508 2278 677 2316 praeclari
711 2277 876 2308 facinoris
908 2276 999 2315 quod
1032 2287 1122 2307 nunc
1157 2275 1303 2306 audietis
1335 2285 1405 2305 sese
1439 2273 1645 2313 pollicentur

264 2328 429 2355 auctores.
467 2323 627 2353 fiduciam
663 2334 701 2352 ex
736 2326 855 2352 mutua
892 2321 1129 2351 familiaritate
1166 2319 1331 2357 Balbique
1366 2318 1533 2349 facilitate
1567 2328 1645 2356 cap-

264 2372 393 2403 tantes;
434 2367 529 2397 illum
568 2367 792 2404 improvisum
828 2365 1054 2403 impurissimi
1089 2365 1242 2395 homines
1279 2362 1391 2394 verbis
1428 2373 1533 2402 prope
1569 2362 1644 2392 istis

264 2411 469 2442 adoriuntur
494 2411 585 2449 apud
608 2410 912 2441 latrunculatorem
943 2409 1060 2447 (quem
1083 2408 1201 2439 dicunt
1225 2407 1509 2439 locumtenentem
1532 2406 1644 2437 crfmi-

264 2455 393 2494 nalem)
423 2455 463 2486 de
487 2455 747 2485 nefandissimis
775 2453 924 2491 flagitiis,
948 2464 1033 2492 quae
1058 2464 1098 2483 ex
1121 2463 1182 2483 suo
1207 2451 1382 2491 fingebant
1407 2451 1584 2482 commodo
1608 2449 1644 2480 in

264 2510 337 2530 eam
359 2510 461 2538 quam
482 2499 714 2537 quaestionem
735 2498 882 2528 exerceri
904 2498 1136 2534 mentiuntur3
1158 2497 1272 2535 itaque
1294 2495 1357 2531 illi,
1380 2496 1408 2526 si
1431 2495 1496 2526 sibi
1519 2493 1644 2533 optime
