1840 2731
236 165 281 203 52
574 165 751 198 PUBLII
773 166 833 197 FA
844 166 958 198 USTI
979 166 1274 199 ANDRELINI

234 275 296 315 ‘O
323 282 519 325 quantum
542 276 640 314 haec
658 276 679 323 ’‚
706 276 804 323 dixi,
833 276 955 315 ‘villo
981 277 1219 316 indumenta
1244 279 1411 328 caprino

232 331 287 369 Et
305 332 458 370 distant
477 332 578 370 duro
599 333 701 370 suris
719 344 867 381 perone
887 334 1078 371 revinctis
1094 333 1115 370 ’.

234 388 418 436 Iuppiter
442 400 531 425 ecce
554 389 663 425 venit
687 400 833 437 magno
860 390 1030 437 stipatus
1054 389 1216 427 honore.

234 444 326 491 Ipse
353 443 451 481 olim
478 444 613 481 vultus
643 445 746 481 inter
775 445 951 482 nutritus
980 451 1155 494 agrestes

231 499 423 536 Admiror
445 500 576 547 primo
599 507 774 548 aspectu,
798 512 892 537 mox
915 501 1070 548 poplite
1093 499 1194 538 flexo

231 555 338 592 Ante
362 555 494 603 ipsum
517 556 698 604 quaesita
722 556 859 592 lovem
882 556 1161 593 modulamina
1184 555 1326 602 fundo,

231 610 393 648 Scilicet
414 617 458 648 ut
479 611 588 649 bello
612 611 762 648 claram
785 612 1031 660 expugnavit
1056 618 1195 660 aperto

232 666 515 715 Parthenopen
537 668 689 715 patrios
712 668 918 715 victorque
940 667 1086 704 redivit
1109 668 1150 704 in
1173 679 1302 716 agrOS‚

232 722 428 769 Quamvis
456 722 656 770 Hesperio
683 723 829 769 vetitus
856 722 963 760 foret
988 723 1084 760 orbe
1110 735 1321 772 regressus.

232 777 381 816 Nescio
403 790 482 827 qua
503 779 631 816 nostri
653 785 794 826 captus
816 778 1029 816 dulcedine
1053 785 1195 816 cantus

232 833 310 871 Ille
337 833 418 872 fuit
432 846 442 881 3
474 833 581 871 fulvi
609 846 767 871 saccum
795 834 959 871 donavit
989 841 1026 872 et
1055 835 1156 871 aeris

230 890 311 926 Vix
332 891 419 927 istis
439 890 620 927 delatum
639 891 797 933 umeris,
822 897 1065 938 cunctosque
1087 902 1158 938 per
1180 901 1305 928 annos

232 946 376 983 Pensio
399 946 515 995 larga
538 946 657 983 datur
682 946 841 994 qualem
863 958 944 983 non
968 946 1100 983 lentus
1124 946 1295 983 habebat

231 1003 396 1050 Tityrus
420 1002 617 1039 umbrosis
641 1014 830 1039 resonans
855 1013 925 1038 sua
951 1001 1100 1050 gaudia
1122 1001 1244 1038 silvis,

231 1057 340 1105 Quid
367 1057 542 1095 referam
567 1057 686 1095 celeri
712 1058 880 1105 scriptas
905 1057 1101 1094 brevitate
1127 1057 1296 1095 tabellas

229 1113 496 1162 Signatasque
520 1113 665 1150 simul?
722 1114 870 1150 nostris
892 1112 988 1162 quid
1013 1113 1177 1150 ovantia
1200 1113 1328 1150 Musis

229 1169 373 1206 Atria?
394 1169 456 1206 vel
479 1169 630 1206 medios
652 1169 778 1205 virtus
799 1170 830 1206 it
853 1175 968 1217 grata
987 1180 1058 1216 per
1079 1169 1221 1206 hostes.

232 1225 326 1262 Post
356 1237 492 1262 caecas
521 1236 675 1273 semper
706 1224 775 1261 lux
804 1232 860 1261 est
891 1224 1091 1272 speranda
1121 1225 1313 1262 tenebras.

823 1335 1024 1383 Corydon.

285 1426 320 1464 O
349 1432 500 1474 quanta
526 1426 566 1462 in
593 1426 716 1462 tacito
742 1425 906 1472 concepi
935 1424 1083 1473 gaudia
1109 1424 1238 1469 corde,

231 1482 294 1519 Ex
313 1482 428 1519 vultu
446 1481 666 1518 manifesta
683 1493 770 1518 meo
786 1493 794 1527 3
817 1493 898 1517 11011
918 1480 1046 1525 fictus,
1070 1480 1169 1525 Iola,

229 1538 393 1586 Semper
421 1549 533 1574 amor
561 1537 679 1573 durat
710 1536 877 1573 fortuna
904 1542 1022 1573 notus
1051 1542 1231 1584 utraque.

230 1593 295 1631 Ne
318 1593 473 1630 tumida
495 1594 546 1630 sis
570 1599 712 1637 mente,
737 1603 889 1640 precor,
914 1598 1137 1640 sortemque
1162 1591 1377 1628 secundam

228 1649 370 1698 Aequa
391 1655 523 1686 mente
547 1648 679 1694 feras3
706 1654 833 1685 totum
859 1654 914 1684 est
938 1648 1068 1684 invisa
1091 1658 1160 1694 per
1185 1647 1321 1684 orbem

230 1705 344 1752 Quae
366 1706 445 1742 ruit
469 1717 515 1742 ex
539 1704 622 1741 alto
644 1704 797 1741 deiecta
820 1703 1017 1751 Superbia
1039 1703 1161 1739 caelo.

860 1802 982 1839 [olas.

285 1896 411 1932 Immo
437 1907 509 1943 ego
531 1895 662 1931 nescio
687 1905 804 1942 quem
827 1891 953 1941 figulo
978 1893 1157 1941 genitore
1180 1897 1357 1928 creatum

229 1951 426 2000 Hyblaeis
453 1950 640 1987 imitabor
668 1950 798 1998 agris3
828 1949 1040 1986 subvectus
1066 1948 1107 1984 in
1136 1947 1264 1984 altum

230 2007 306 2044 Ille
332 2007 487 2055 apicem
512 2017 657 2043 cenans
682 2006 836 2053 patriae
859 2016 941 2041 non
966 2004 1174 2040 immemor
1198 2003 1294 2039 artis

226 2063 362 2100 Aurea
394 2061 586 2098 fictilibus
619 2060 811 2097 miscebat
844 2059 991 2108 pocula
1023 2059 1139 2096 vasis.

229 2117 426 2155 Providus
446 2117 511 2154 hic
531 2116 667 2154 docuit
686 2122 833 2153 sortem
852 2120 1077 2152 reverenter
1096 2113 1324 2151 habendam

228 2174 340 2211 Exili
367 2174 601 2221 cuicumque
626 2172 712 2208 viro
740 2172 804 2208 cui
830 2170 938 2208 dona
963 2166 1126 2218 repente

229 2230 342 2267 Ditia
371 2229 620 2277 proveniant.
683 2227 807 2264 Bavio
837 2226 901 2264 vel
931 2225 1062 2262 iudice
1091 2225 1203 2262 dicar

227 2284 495 2322 Laudandurn
521 2294 695 2321 servasse
719 2282 884 2320 modum
898 2293 908 2329 3
938 2281 1169 2319 submissior
1195 2280 1258 2317 ibo

227 2341 321 2388 Quo
342 2341 470 2378 maior
494 2339 645 2376 blando
672 2338 852 2376 Fortuna
876 2337 1053 2374 arriserit
1077 2348 1154 2373 ore.

228 2395 337 2433 Nam
356 2396 388 2434 si
407 2395 496 2444 quis
514 2395 683 2431 nimium
701 2393 812 2431 caelo
833 2391 1006 2430 confisus
1026 2397 1165 2440 aperto

227 2451 396 2497 Gestiat,
421 2450 590 2488 adversa
610 2461 691 2487 non
714 2449 855 2487 nubila
877 2454 1060 2496 tempora
1082 2446 1189 2485 ferre

226 2508 483 2556 Tempestate
503 2511 658 2554 potest;
683 2510 798 2542 tanta
817 2503 1090 2552 imprudentia
1110 2508 1261 2552 regnat.

1566 558 1620 594 90

1544 1114 1618 1150 100

1541 1947 1614 1983 110

1539 2502 1613 2538 120
