1840 2731
217 145 265 180 38
555 144 732 176 PUBLII
753 145 813 176 FA
824 144 937 177 USTI
959 145 1253 177 ANDRELINI

753 300 987 339 ECLOGA
1018 302 1054 337 V

397 412 568 460 Pinguis
594 425 691 461 ager
717 413 875 450 canitur
898 418 1034 462 presso
1060 412 1239 450 sulcatus
1265 416 1414 456 aratro,

495 479 606 517 Uber
624 485 662 516 et
680 479 817 529 aprico
837 480 954 517 vinea
972 479 1081 516 culta
1100 480 1205 528 iugo.

647 581 878 619 AMYNTAs.
940 580 1157 619 CORYDON.

270 681 389 718 Forte
408 693 527 719 senex
550 681 739 730 Corydon
760 682 878 719 simul
900 687 938 719 et
959 682 1124 718 crinitus
1146 681 1341 731 Amyntas

212 736 409 775 Sederunt
435 737 558 774 viridi
582 737 755 775 fluvialis
780 738 962 786 margine
989 738 1111 786 ripae.

214 793 286 830 Illi
306 793 415 831 solus
435 805 541 843 ager,
565 794 651 831 sola
671 800 729 831 est
749 794 842 831 huic
862 795 980 831 vinea
1001 805 1128 830 curae.

213 849 392 898 Quisque
416 861 505 887 suas
529 850 687 887 extollit
709 861 817 898 opeS‚
842 850 915 888 sub
938 849 1069 887 iudice
1090 849 1205 886 nullo

213 905 339 942 Haud
359 905 513 943 discors
532 912 731 943 certamen
752 906 911 943 habent.
973 906 1089 943 Prior
1110 907 1240 954 inquit
1260 906 1467 954 Amyntas.

798 1007 1006 1054 Amyntas.

268 1097 303 1135 O
324 1098 493 1134 nimium
514 1097 617 1134 felix
637 1108 861 1146 possessum
882 1097 1060 1146 quisquis
1081 1097 1260 1146 agellum

213 1153 375 1191 Desidis
395 1160 550 1190 exercet
568 1153 685 1202 pulso
705 1159 866 1202 torpore
885 1154 1049 1190 veterni.

214 1208 310 1246 Non
333 1209 442 1246 mala
463 1216 691 1258 paupertas,
716 1221 799 1247 non
822 1221 893 1247 ora
916 1209 1107 1246 famelica
1131 1215 1279 1258 cogunt

214 1265 405 1314 Improba
424 1277 615 1303 concussa
633 1265 733 1314 pelli
751 1266 901 1302 ieiunia
919 1277 1078 1314 quercu.

213 1320 458 1371 Obsequitur
480 1321 582 1359 bene
606 1321 736 1358 cultus
761 1333 854 1370 ager
878 1322 1109 1370 maioraque
1132 1320 1265 1358 reddit

213 1376 244 1413 F
249 1389 395 1415 aenora
417 1389 537 1426 quarn
560 1378 704 1426 capiat,
729 1378 925 1426 messique
949 1378 1114 1425 capacia
1137 1376 1281 1414 desunt

212 1432 396 1481 Horrea3
423 1441 505 1471 tam
527 1434 644 1482 larga
665 1440 722 1470 est
743 1432 915 1470 undanti
939 1432 1069 1480 Copia
1091 1444 1226 1478 cornu,

211 1489 360 1526 Annua
383 1490 438 1526 sic
461 1496 595 1527 nostro
621 1488 834 1538 respondet
859 1489 1003 1537 glaeba
1026 1488 1166 1525 labori.

213 1544 317 1583 Cum
336 1546 456 1583 nimis
477 1546 643 1594 ignavos
667 1546 773 1582 intra
794 1556 865 1582 sua
885 1550 991 1582 tecta
1013 1544 1174 1582 colonos

211 1602 367 1650 Aspera
389 1600 541 1638 claudit
561 1601 697 1647 hiems,
721 1601 895 1649 agrestia
916 1600 1098 1637 cudimus
1120 1611 1231 1637 arma

211 1657 453 1706 Sollertique
474 1668 597 1694 manu
617 1657 720 1694 soles
741 1668 973 1704 superamus
996 1657 1151 1693 inertes.

212 1713 315 1751 Vere
336 1725 441 1751 novo
462 1715 654 1762 pinguem
675 1712 859 1761 depresso
883 1723 1041 1749 vomere
1062 1718 1211 1749 terram

213 1768 370 1807 Curvus
387 1781 467 1815 aro,
487 1767 692 1818 fortesque
710 1774 873 1817 gemunt
890 1768 961 1805 sub
979 1767 1156 1816 pondere
1174 1767 1290 1813 tauri,

210 1825 345 1875 Atque
366 1826 512 1863 iterum
534 1824 697 1874 obliquo
721 1824 961 1872 proscissum
986 1829 1043 1861 est
1067 1835 1213 1872 aequor
1238 1830 1382 1869 aratro,

212 1881 267 1918 Et
290 1892 440 1919 crassas
460 1880 591 1930 rigido
617 1880 779 1929 glaebas
801 1880 1008 1927 disrumpo
1031 1879 1176 1928 ligone.

212 1936 328 1974 Haec
353 1935 491 1974 eadem
516 1943 709 1973 autumno
732 1936 852 1973 tellus
876 1941 1056 1972 versatur
1082 1941 1221 1983 aperto

213 1993 246 2029 E
274 1993 503 2042 gremioque
525 1991 671 2029 habilis
696 1991 935 2039 deprensum
959 1990 1125 2028 dextera
1146 2002 1278 2027 semen

213 2048 374 2095 Proicit,
398 2055 436 2086 et
456 2049 607 2096 pariter
629 2047 748 2084 sulcis
772 2045 979 2084 abscondit
1004 2047 1126 2084 aratis

210 2103 353 2142 Ardua
370 2115 469 2153 quos
489 2104 656 2152 cingunt
675 2102 780 2140 altae
799 2102 1023 2139 munimina
1042 2101 1185 2138 fossae.

212 2160 267 2198 Et
291 2160 429 2198 Cereri
450 2171 522 2197 sua
544 2170 656 2196 sacra
677 2157 777 2204 fero,
802 2170 852 2194 ne
875 2157 1038 2206 grandis
1062 2169 1227 2194 acervus

213 2215 329 2254 Desit
350 2222 388 2253 et
409 2215 539 2264 optati
560 2226 648 2263 spes
670 2214 785 2250 irrita
805 2212 963 2250 decidat
987 2214 1094 2249 anni.

210 2272 266 2310 At
287 2283 376 2309 cum
396 2271 604 2308 luxurians
625 2276 761 2307 tenera
780 2279 889 2318 seges
911 2268 1073 2305 advenit
1094 2268 1226 2314 herba,

212 2328 427 2375 Pascimus,
447 2333 491 2364 ut
508 2337 621 2363 rarus
641 2324 830 2374 gravidae
848 2325 898 2360 sit
917 2324 1072 2361 culmus
1089 2324 1234 2361 aristae

213 2384 266 2421 Et
283 2383 424 2421 melius
443 2388 596 2420 rectum
612 2392 758 2418 vacuas
777 2392 816 2417 se
836 2380 1005 2417 extollat
1024 2380 1065 2415 in
1085 2391 1213 2416 auras.

212 2439 251 2476 N
258 2450 301 2478 ee
318 2439 451 2476 minus
471 2437 618 2475 infelix
638 2437 781 2474 lolium
801 2436 1021 2484 lappasque
1042 2442 1228 2472 nocentes

212 2495 266 2533 Et
290 2495 429 2533 crebro
450 2493 627 2532 sterilem
648 2498 775 2530 rastro
801 2492 1044 2529 insectamur
1067 2502 1246 2528 avenam.

1551 1321 1596 1355 10
