1840 2731
279 161 352 195 114
806 160 1121 194 APPENDJCES

274 269 373 300 terim
394 269 571 308 publicum
592 271 804 309 profitendae
828 272 978 310 poeticae
1003 283 1039 303 ac
1064 273 1233 304 oratoriae
1259 273 1343 304 artis
1364 283 1489 304 munus
1511 272 1656 311 suscepi.

273 319 304 344 et
326 313 492 345 iuveniles
513 315 657 346 Amores
676 326 768 347 meos
788 327 807 346 a
826 316 984 348 Romana
1004 328 1148 348 censura
1169 317 1378 356 approbatos
1398 323 1497 356 atque
1519 317 1659 356 publica

274 348 393 389 laussea
410 358 606 390 honestatos
627 360 733 391 emisi.
780 360 848 399 Qui
871 366 1000 392 tantam
1020 362 1200 398 invidiam,
1223 367 1356 393 tantum
1377 362 1505 398 odium,
1525 366 1657 393 tantam

273 401 376 433 bilem
400 403 556 442 improbo
580 404 631 434 illi
653 405 869 436 concitarunt
891 410 937 440 ut,
961 412 1142 444 postquam
1166 417 1234 437 una
1255 417 1324 437 non
1348 411 1564 441 successerat,
1590 405 1657 437 alia

275 448 389 478 statim
412 448 469 478 via
487 448 529 479 ad
548 448 799 487 denigrandam
820 450 949 480 famam
969 461 1077 481 meam
1101 461 1283 489 aggressus
1306 451 1358 482 sit.
1404 451 1471 482 Hic
1494 451 1585 482 enim
1604 460 1656 481 me

274 497 305 522 et
331 502 350 523 a
376 492 574 523 Christiana
598 493 663 524 fide
688 493 880 524 deviantem
906 499 937 525 et
960 494 1023 525 hac
1048 495 1083 525 in
1109 495 1202 531 urbe,
1229 500 1298 526 toto
1323 500 1494 533 spectante
1517 494 1656 534 populo,

274 541 432 567 exustum
470 537 577 568 fuisse
615 537 801 573 simulavit,
837 544 937 576 atque
974 538 1178 570 adulterinis
1213 539 1337 570 litteris
1373 539 1501 570 falsum
1537 540 1656 570 menti-

275 586 413 619 tumque
438 582 566 612 crimen
590 592 650 620 per
674 582 870 613 universam
894 583 966 614 fere
994 583 1131 613 Italiam
1156 583 1354 622 publicavit.
1403 583 1497 622 Quae
1524 593 1657 622 serpen-

276 626 347 656 tina
374 625 504 664 lingua,
533 626 623 664 quod
652 627 848 658 inauditum
874 627 1100 663 mendacium,
1129 638 1214 665 quae
1246 627 1376 659 Punica
1403 628 1551 667 perfidia
1578 627 1657 660 huic

275 675 343 700 tam
364 676 481 708 aperto
502 671 680 702 mendacio
701 671 854 702 conferri
875 672 1010 710 potest?
1057 671 1155 703 Nihil
1177 677 1246 703 tam
1266 672 1476 711 flagitiosum
1495 678 1545 703 est
1567 673 1659 710 quod

276 714 405 746 alienae
438 714 552 746 laudis
586 715 771 746 detractori
802 715 947 754 probum
979 727 1049 747 esse
1081 727 1150 747 non
1183 716 1351 748 videatur.
1409 717 1464 748 Ad
1498 715 1658 748 solandos

274 765 432 797 parentes
460 770 551 790 meos
578 760 784 791 fidissimum
811 771 946 791 servum
973 771 1042 792 non
1070 761 1140 791 sine
1168 761 1319 792 maxima
1344 762 1499 800 impensa
1523 762 1658 793 mittere

274 814 349 835 sum
372 810 518 835 coactus.
568 804 625 835 Illi
651 805 740 835 enim
766 810 835 835 tam
860 805 1032 836 horrendo
1055 805 1178 836 nuntio
1201 806 1410 837 consternati
1436 805 1479 838 ad
1504 816 1659 844 perscru-

275 848 414 879 tandam
441 849 618 879 veritatem
642 849 784 880 citatum
807 849 982 887 hucusque
1006 849 1223 880 tabellarium
1249 850 1487 888 permiserant,
1513 849 1659 881 incredi-

274 892 335 924 bili
354 893 382 923 si
402 893 539 931 quidem
560 899 631 924 tum
651 893 878 925 admiratione
900 900 971 925 tum
990 894 1106 925 dolore
1124 905 1193 925 non
1214 895 1345 925 iniuria
1365 894 1659 933 opprimebantur,

274 948 326 968 me
352 938 480 968 scilicet
507 948 579 968 eam
607 938 642 968 in
670 938 838 968 haeresim
864 939 1186 976 impraesentiarum
1213 939 1392 977 delapsum
1420 939 1526 970 fuisse
1556 950 1659 978 quam

275 992 407 1020 semper
442 982 624 1019 eiecissem,
660 983 799 1013 eiectam
833 983 1020 1021 fugassem,
1055 982 1213 1021 fugatam
1246 983 1534 1014 exterminassem.
1594 984 1660 1015 Sed

274 1026 409 1057 nullum
439 1027 575 1058 demum
605 1027 713 1058 scelus
741 1032 790 1058 est
817 1027 908 1065 quod
938 1027 1048 1058 iustus
1078 1027 1171 1058 Deus
1201 1027 1251 1058 vel
1282 1028 1460 1066 repentino
1487 1027 1539 1058 vel
1566 1027 1661 1058 lento

276 1071 445 1109 supplicio
472 1082 539 1102 non
568 1076 806 1110 prosequatur.
858 1071 943 1102 Ecce
970 1071 1201 1109 nequissimus
1227 1072 1299 1110 ipse
1326 1071 1453 1102 Balbus
1481 1073 1517 1103 in
1543 1072 1659 1102 haere-

276 1116 343 1146 tica
363 1116 477 1146 nescio
499 1126 567 1154 qua
587 1121 678 1146 secta
700 1121 732 1146 et
755 1116 963 1147 exsecrando
984 1115 1044 1146 illo
1066 1116 1150 1146 vitio
1174 1115 1405 1154 deprehensus
1428 1122 1478 1146 est
1501 1116 1543 1147 ob
1567 1116 1659 1155 quod

277 1160 468 1191 Palestinae
493 1160 649 1191 civitates
675 1161 709 1190 in
740 1160 943 1198 sulphureos
973 1160 1174 1198 attritosque
1203 1161 1332 1191 cineres
1360 1170 1543 1191 conversae
1568 1166 1658 1191 sunt.

277 1205 324 1235 Ni
350 1204 599 1235 velocissimam
628 1205 748 1243 fugam
774 1205 809 1235 in
840 1205 1056 1235 Britanniam
1086 1205 1253 1235 Maiorem
1281 1205 1550 1243 praecipitasset,
1575 1204 1659 1244 pub-

274 1249 341 1280 lico
366 1249 524 1280 incendio
550 1249 690 1280 meritas
715 1249 851 1280 tandem
875 1260 1002 1288 poenas
1029 1249 1257 1287 persolvisset.
1304 1249 1392 1280 Tam
1417 1249 1566 1286 foedam,
1590 1255 1661 1280 tam

275 1294 442 1324 infamem
470 1294 591 1332 fugam
617 1293 772 1324 bucolico
800 1293 950 1324 carmine
979 1293 1249 1332 praeludendam
1277 1293 1404 1324 censui.
1434 1299 1470 1325 ut
1495 1304 1565 1325 non
1590 1298 1660 1325 tam

278 1337 455 1369 Balbicum
486 1338 594 1369 scelus
626 1349 731 1376 quam
761 1338 966 1369 Faustinum
996 1338 1190 1373 candorem,
1223 1337 1315 1368 falsa
1344 1338 1482 1376 quidem
1511 1337 1661 1370 infamia

275 1388 441 1418 notatum,
462 1388 493 1413 et
512 1382 750 1421 praesentibus
771 1387 802 1413 et
824 1382 970 1421 posteris
990 1382 1207 1421 patefaciam.
1253 1383 1287 1412 Is
1309 1383 1449 1413 omnino
1470 1382 1522 1413 vel
1541 1392 1660 1413 excors

277 1427 328 1457 vel
353 1427 513 1458 immanis
536 1433 585 1458 est
607 1427 665 1465 qui
691 1427 807 1465 aliqua
829 1437 868 1457 ex
891 1432 987 1464 parte
1012 1427 1141 1456 famam
1167 1437 1262 1457 suam
1285 1426 1465 1465 neglegere
1491 1426 1659 1458 videatur.

278 1472 429 1503 Nasutos
452 1472 535 1502 istos
558 1471 792 1502 rhinocerotas
816 1471 917 1501 facile
939 1471 1211 1509 contempserim,
1234 1471 1432 1502 Reverende
1457 1470 1609 1507 Praesul,
1632 1471 1660 1503 si

275 1516 363 1547 hanc
389 1526 498 1546 meam
524 1515 860 1547 lucubratiunculam
890 1515 948 1546 abs
978 1521 1007 1546 te
1035 1515 1260 1553 approbatam
1286 1525 1356 1545 esse
1385 1525 1531 1549 sensero,
1560 1525 1659 1554 quem

277 1560 414 1599 quidem
439 1561 524 1591 tanti
550 1561 642 1591 facio
666 1559 785 1598 quanti
813 1558 990 1590 Platonem
1017 1559 1265 1597 Amphimacus
1297 1559 1578 1597 (Antimachus),
1605 1560 1660 1591 cui

277 1615 365 1636 unus
381 1605 438 1636 ille
456 1605 565 1636 instar
584 1604 846 1635 Atheniensium
863 1604 1016 1634 omnium
1035 1603 1113 1639 fuit,
1134 1603 1247 1634 facere
1266 1606 1520 1634 consueveram*
1566 1602 1658 1635 Vale.

806 1772 1064 1803 APPENDIX
1090 1772 1127 1802 B.

510 1862 683 1893 leobertus
705 1861 886 1900 Gaguinus
904 1861 1035 1892 Fausto
1056 1861 1182 1892 Poetae
1201 1861 1374 1892 Laureolo
1394 1859 1430 1893 S.

323 1951 423 1990 Quod
450 1951 495 1982 sit
520 1961 631 1981 meum
661 1950 701 1981 de
730 1955 789 1981 tua
816 1950 851 1980 in
883 1949 1136 1988 Hieronymum
1165 1949 1311 1980 Balbum
1337 1948 1458 1987 ecloga
1483 1948 1659 1982 iudicium,

277 1996 465 2027 clarissime
489 2001 592 2031 vateS,
616 1994 784 2034 exploras.
832 1994 972 2025 Poteras
997 1993 1082 2024 alios
1102 1993 1210 2024 multo
1231 2003 1283 2024 me
1306 1993 1348 2024 ad
1370 1993 1458 2024 hanc
1482 2003 1551 2024 rem
1572 1992 1660 2032 peri-

279 2041 428 2071 tissimos
455 2040 653 2075 adsciscere,
682 2039 740 2078 qui
767 2043 799 2070 et
827 2039 1016 2069 orationem
1045 2037 1204 2068 Latinam
1229 2037 1354 2068 callent
1381 2042 1412 2068 et
1441 2036 1540 2068 Balbi
1568 2036 1659 2076 apud

279 2085 430 2116 Parisios
450 2084 743 2115 conversationem
765 2083 895 2122 experti
915 2087 1003 2113 sunt.
1047 2081 1111 2113 Sed
1129 2093 1170 2113 ne
1192 2081 1253 2113 tibi
1275 2081 1512 2113 absconditum
1534 2081 1660 2112 faciam

278 2129 369 2168 quod
390 2129 509 2164 sentio,
530 2129 557 2159 si
580 2128 689 2166 legem
713 2128 888 2165 sequimur
912 2126 1155 2161 Christianam,
1178 2126 1336 2164 proximo
1358 2125 1560 2156 maledicere
1583 2135 1660 2164 pro-

276 2173 445 2208 hibemur,
476 2183 537 2204 nec
568 2172 735 2203 lacessitis
766 2171 844 2202 licet
878 2171 1032 2202 convicio
1066 2170 1196 2201 referre
1229 2170 1433 2201 convicium.
1490 2169 1662 2201 Patientia

277 2218 367 2249 enim
391 2218 464 2248 sola
487 2222 536 2248 est
559 2217 594 2247 in
617 2227 685 2255 qua
706 2226 787 2247 vera
809 2215 915 2246 animi
940 2215 1109 2253 possessio
1134 2214 1322 2253 reponitur.
1371 2214 1435 2244 ‘In
1460 2213 1660 2252 patientia’,

278 2262 390 2301 inquit
423 2261 592 2293 Christus,
625 2262 760 2291 ‘vestra
791 2259 1010 2298 possidebitis
1044 2259 1175 2290 animas
1205 2263 1335 2289 vestras
1349 2258 1367 2288 ’.
1420 2258 1548 2289 Verum
1579 2258 1662 2296 quia

277 2306 503 2338 sanctissimis
531 2305 705 2336 interdum
733 2304 817 2335 viris
845 2303 948 2334 bilem
973 2302 1192 2334 incanduisse
1217 2308 1348 2334 certum
1374 2307 1434 2339 est,
1461 2313 1531 2333 non
1558 2312 1660 2340 nega-

278 2351 385 2382 verim
417 2350 556 2381 virtutis
588 2360 659 2380 esse
690 2349 845 2387 detegere
874 2348 1036 2379 latentem
1067 2346 1255 2378 facinorosi
1286 2346 1479 2385 cuiuspiam
1511 2346 1660 2378 hominis

321 2452 485 2488 *Cicero,
518 2451 659 2485 Brutus,
694 2457 764 2487 191,
797 2448 918 2479 ‘Plato
947 2448 1038 2479 enim
1067 2447 1152 2479 mihi
1185 2457 1274 2478 unus
1305 2447 1416 2478 instar
1444 2451 1494 2476 est
1523 2450 1659 2476 centum

276 2497 411 2528 milium
425 2496 443 2527 ².
