1840 2731
216 177 268 214 40
557 178 733 211 PUBLII
755 180 938 212 FAUSTI
960 181 1254 213 ANDRELINI

216 287 276 325 Ut
295 289 438 326 melius
459 297 674 337 penetrans
696 292 905 340 gravidam
926 293 986 330 sol
1009 293 1206 342 decoquat
1228 305 1358 331 uvam.

214 344 348 393 Atque
369 345 519 382 infesta
538 353 676 384 vetant
696 354 828 385 textae
848 350 1037 396 pecuaria
1057 360 1204 397 saepes.

216 399 281 437 Ne
305 401 415 438 calor
437 402 626 449 intensus,
651 404 819 440 nimium
841 416 890 441 ne
915 404 1046 453 frigus
1071 405 1225 452 adurat,

215 455 382 504 Saepius
405 464 462 494 est
483 457 605 495 ducta
625 459 719 496 vitis
742 460 989 497 circumdata
1009 466 1126 498 terra.

215 511 270 548 Et
291 512 401 550 sulco
423 513 555 550 defixa
577 514 657 551 levi
677 526 861 564 propago
881 517 1049 554 remittit

213 567 386 605 Aemula
407 571 598 607 maternis
620 570 866 620 melioraque
890 573 1071 620 germina
1093 574 1224 610 ramis.

216 623 389 661 Fervida
410 636 500 662 cum
521 627 686 663 summis
706 627 910 664 vindemia
931 628 1102 667 collibus
1122 629 1255 675 instat,

216 678 429 728 Carpimus
456 693 503 718 ex
529 682 659 729 plenis
684 689 861 721 maturas
887 684 1036 721 vitibus
1060 696 1169 731 uvas,

215 735 403 773 Fortibus
425 743 463 774 et
485 737 665 775 calathos
685 739 831 776 umeris
853 746 1059 788 portamus
1082 747 1255 778 onustos.

216 790 404 841 Dumque
428 792 519 830 lacu
541 795 691 841 positas
715 795 835 832 celeri
857 795 958 843 pede
982 797 1204 845 rumpimus
1226 809 1335 843 uvaS‚

214 846 388 885 Sordida
416 849 629 898 tinguntur
656 850 817 887 salienti
849 863 1018 900 corpora
1044 859 1186 890 musto,

215 902 398 951 Desuper
427 916 631 953 expressos
661 907 889 955 torquentia
918 919 1014 944 saxa
1039 920 1219 946 racemos

215 958 417 1005 Ponimus,
445 962 617 998 astrictis
642 963 877 1012 munitaque
901 963 1012 1000 dolia
1037 964 1170 1001 circlis

215 1015 453 1063 lmplentur‚
482 1028 725 1067 raucumque
750 1019 854 1056 cient
880 1031 985 1056 nova
1009 1026 1141 1057 musta
1165 1031 1381 1058 susurrum.

215 1071 316 1108 Inde
341 1079 575 1109 coronatum
599 1075 707 1121 patri
732 1081 887 1112 cratera
911 1074 1045 1124 Lyaeo

213 1126 404 1164 Libamus
431 1129 564 1174 cuncti
589 1141 735 1178 magno
765 1130 938 1168 clamore
966 1138 1164 1169 vocantes,

214 1181 273 1220 Ut
295 1183 418 1220 vitem
440 1196 527 1221 sera
548 1185 765 1233 spoliatam
787 1185 935 1224 fronde
958 1189 1098 1235 putavi

211 1238 345 1287 Atque
370 1238 465 1277 fimo
490 1242 618 1288 sparsi
645 1242 782 1279 crebro
808 1242 894 1280 sola
919 1242 1052 1280 fracta
1076 1243 1248 1290 bidente,

213 1293 294 1331 Sub
316 1301 465 1332 tectum
483 1303 685 1334 sarmenta
706 1297 805 1343 fero,
828 1297 1088 1348 flammaeque
1109 1299 1288 1337 salubres

212 1349 487 1400 Lucentesque
505 1354 666 1399 micant,
687 1353 874 1391 madidus
894 1366 984 1391 cum
1003 1354 1141 1393 defluit
1160 1368 1286 1393 umor.

267 1451 329 1488 Hi
347 1452 425 1490 duo
446 1459 625 1501 pastores
644 1453 808 1502 placida
827 1456 882 1492 sic
902 1467 998 1493 voce
1018 1457 1213 1494 canebant

213 1507 377 1556 Tityrus
403 1508 579 1546 Ascraea
603 1510 698 1547 lusit
724 1522 825 1559 quae
850 1512 1002 1559 primus
1028 1524 1164 1549 avena.

213 1562 393 1612 Quisque
423 1569 535 1601 suam
565 1565 758 1604 exhausto
786 1566 928 1604 villam
958 1579 1137 1605 sermone
1166 1569 1319 1617 petivit.

734 1734 968 1773 ECLOGA
1000 1736 1072 1773 VI.

346 1833 528 1870 Francus
558 1834 742 1872 inaudita
771 1835 972 1873 dammam
1003 1836 1108 1885 polit
1137 1841 1223 1874 arte
1253 1837 1458 1883 nitentem,

451 1900 577 1949 Quem
601 1902 710 1946 ferat
731 1902 785 1938 ad
805 1903 1009 1940 dominam
1030 1908 1137 1941 sorte
1156 1905 1323 1950 favente
1341 1917 1466 1942 suam.

668 2002 856 2041 GALLUS.
918 2004 1136 2043 FRANcUs.

824 2103 980 2143 Gallus.

262 2189 302 2227 ‘O
323 2202 444 2239 quam
461 2203 566 2228 vana
583 2193 676 2229 teris
695 2193 886 2241 poliendo
905 2200 1087 2242 tempora
1105 2195 1276 2242 damma,

213 2245 413 2283 Deliciose
435 2258 545 2294 puer,
571 2259 665 2284 nam
688 2249 846 2296 pectine
869 2261 1023 2298 semper
1050 2250 1200 2289 eburno

211 2301 446 2339 Mansuetos
469 2304 592 2340 verris
619 2303 756 2341 clunes
779 2311 817 2342 et
842 2305 973 2343 lactea
997 2306 1114 2352 colla,

209 2356 498 2407 Suspensisque
522 2358 646 2396 fricas
670 2360 867 2407 manibus,
896 2362 1124 2411 gremioque
1151 2364 1301 2411 tepenti

209 2412 345 2450 Huius
368 2414 547 2451 membra
570 2414 685 2452 foves
707 2415 871 2463 placido
893 2416 1125 2455 madefacta
1146 2429 1300 2467 sopore.

210 2468 382 2506 Instruis
402 2475 448 2506 ut
468 2470 557 2506 miti
577 2477 763 2518 porrecta
784 2471 934 2509 cibaria
957 2472 1075 2511 dente

210 2523 372 2573 Carpat,
400 2531 437 2563 et
462 2525 514 2563 ad
537 2532 658 2564 nutus
682 2527 800 2564 celeri
824 2526 926 2576 pede
950 2535 1083 2566 currat
1109 2529 1225 2567 eriles

1548 799 1599 834 80

1547 1358 1597 1394 90
