1840 2731
842 96 1089 129 BUCOLICA

279 206 501 245 Caelestem
526 208 765 245 ambrosiam
789 219 945 245 sacrum
969 219 1071 256 quae
1095 207 1220 255 spirat
1244 204 1419 243 odorem.

279 262 439 301 Interea
463 269 619 300 coctum
643 263 818 301 ferventi
843 264 1018 312 sinciput
1043 262 1127 300 olla

276 318 409 367 Atque
426 325 568 356 unctos
587 319 703 357 lardo
723 319 855 356 caules
876 318 1127 356 comedamus
1148 317 1293 365 opimo.

277 373 383 411 Ecce
403 380 519 412 vocat
542 374 676 412 tardos
698 386 835 412 mensa
856 386 940 420 nos,
967 373 1097 419 Galle,
1122 378 1265 422 parata

278 429 410 467 Docta
434 429 679 478 saporiferas
705 430 859 479 Phyllis
886 429 1048 467 condire
1074 429 1254 477 popinas.

783 595 1017 635 ECLOGA
1047 596 1147 633 VII.

437 697 664 746 Splendida
686 701 780 734 sunt
807 709 950 745 magno
976 695 1183 733 laudanda
1205 693 1359 744 palatia
1383 694 1494 737 luxu,

500 766 634 801 Parva
652 765 724 803 sed
745 764 860 802 exilis
881 768 985 801 tecta
1005 763 1175 801 colenda
1196 775 1319 800 casae.

728 865 924 903 BRUNus.
986 865 1200 902 HARMON.

331 967 419 1004 Iam
440 966 617 1004 medium
642 967 766 1004 Titan
792 965 1008 1003 scandebat
1032 964 1209 1003 torridus
1233 964 1370 1002 orbem

276 1023 330 1060 Et
355 1023 478 1060 lassos
505 1022 738 1060 stimulabat
763 1033 895 1071 equo5,
923 1033 1013 1059 cum
1038 1020 1181 1058 flebilis
1208 1021 1393 1057 Harmon

276 1079 450 1115 Intravit
473 1078 596 1127 gelidi
619 1079 821 1115 sinuatum
844 1077 1012 1115 fornicis
1035 1082 1205 1114 antrum.

276 1134 406 1181 Quem
430 1134 572 1183 procul
597 1147 644 1171 ex
669 1134 751 1171 alto
776 1139 1037 1182 prospectans
1060 1133 1207 1170 vertice
1234 1132 1394 1168 Brunus

275 1189 518 1238 Speluncam
540 1190 658 1227 celeri
681 1201 799 1227 cursu
820 1189 980 1226 devenit
1005 1188 1182 1234 eandem,

274 1246 408 1295 Atque
429 1246 496 1292 ait,
522 1245 528 1261 ‘
549 1245 583 1283 O
607 1246 761 1294 superis
781 1244 1024 1282 descendens
1047 1244 1229 1281 cantibus
1253 1243 1452 1287 Harmon,

276 1301 407 1348 Quem
439 1301 604 1350 (quast)
638 1301 777 1338 crebra
800 1300 931 1338 fecere
953 1312 1097 1338 novem
1119 1299 1315 1348 vertigine
1340 1299 1451 1343 caeli,

274 1358 474 1406 Argutam
494 1369 601 1394 nunc
620 1363 741 1406 tange
761 1356 903 1405 chelyn
923 1368 1044 1405 quam
1061 1355 1205 1393 doctus
1224 1354 1379 1403 Apollo

276 1413 424 1459 Donat,
449 1419 487 1450 et
508 1414 591 1461 ipse
614 1424 704 1450 suas
724 1418 921 1450 monstrat
942 1424 1023 1449 non
1044 1410 1206 1449 invidus
1228 1417 1341 1448 artes.

274 1468 353 1506 Sed
376 1468 512 1506 facilis
534 1474 740 1506 resonetur
761 1480 895 1516 amor,¹
922 1479 1016 1504 narn
1036 1467 1149 1504 basia
1172 1472 1331 1504 centum

273 1525 411 1561 Attica
434 1536 543 1562 nunc
567 1524 709 1562 tribuit
735 1523 933 1561 redolenti
957 1523 1081 1560 mella
1107 1522 1256 1560 labello

276 1580 467 1626 Panthea,
491 1592 554 1618 me
576 1580 715 1617 nitidis
736 1580 913 1617 medium
937 1578 1147 1627 complexa
1170 1578 1340 1616 lacertis.

274 1630 428 1685 Tange,
450 1647 524 1674 nec
545 1637 674 1684 optati
695 1635 814 1673 differ
835 1635 1112 1672 modulamina
1133 1634 1287 1682 plectri.

864 1736 1064 1772 Harmon.

329 1815 436 1861 Heu,
460 1827 549 1852 mea
570 1826 677 1852 nunc
701 1814 820 1852 solito
841 1826 953 1851 mens
976 1820 1034 1851 est
1056 1813 1190 1851 aliena
1212 1824 1366 1857 canore,

275 1871 330 1908 Et
349 1882 454 1908 nova
474 1882 593 1908 causa
611 1871 745 1908 subest
766 1871 970 1919 iustaeque
991 1870 1157 1918 inopina
1178 1868 1372 1918 querelae.

275 1926 340 1963 En
358 1938 478 1975 pecus
499 1926 647 1964 infelix
665 1927 733 1963 vix
752 1925 914 1963 mucida
932 1925 1083 1963 vellera
1103 1930 1239 1973 portat

273 1982 486 2032 Aegraque
508 1982 687 2020 membra
710 1982 835 2019 trahit
858 1982 1062 2030 macieque
1089 1981 1236 2018 affecta
1260 1991 1467 2028 suprema,

276 2038 437 2076 Invenit
466 2044 504 2076 et
532 2038 648 2076 nullo
676 2037 922 2086 pascendum
952 2049 1116 2086 gramen
1145 2037 1186 2073 in
1217 2048 1325 2085 agro.

275 2093 527 2132 Conveniens
545 2095 648 2131 curis
668 2093 961 2131 modulandum
979 2099 1037 2130 est
1056 2104 1215 2130 carmen
1236 2092 1392 2129 amaris.

878 2195 912 2230 Β
917 2205 1050 2231 runuS.

330 2272 448 2310 Certe
469 2284 605 2310 rumor
626 2279 709 2310 erat
735 2272 867 2310 Gallis
888 2273 1077 2322 vulgatus
1099 2273 1141 2309 in
1163 2272 1270 2320 agris

275 2327 396 2375 Quod
421 2328 584 2366 tandem
607 2329 792 2366 emeritus
816 2328 955 2366 donati
979 2327 1111 2365 cultor
1135 2327 1259 2376 agelli

275 2383 453 2421 Numine
475 2382 672 2422 Caesareo
692 2383 839 2430 fueras,
862 2383 1061 2432 viridique
1082 2383 1153 2420 sub
1174 2382 1317 2420 umbra

276 2439 424 2477 Dulcia
447 2439 634 2488 permolli
658 2440 871 2477 resonabas
894 2440 1073 2476 carmina
1095 2450 1201 2476 voce.

1604 91 1656 127 43

1610 202 1658 239 70

1613 1465 1658 1500 lO

1607 2270 1656 2304 20
