<?xml version="1.0" encoding="UTF-8"?>
<!DOCTYPE html PUBLIC "-//W3C//DTD XHTML 1.0 Transitional//EN"
    "http://www.w3.org/TR/xhtml1/DTD/xhtml1-transitional.dtd">
<html xmlns="http://www.w3.org/1999/xhtml" xml:lang="en" lang="en">
 <head>
  <title>
</title>
<meta http-equiv="Content-Type" content="text/html;charset=utf-8" />
  <meta name='ocr-system' content='tesseract 3.04.00' />
  <meta name='ocr-capabilities' content='ocr_page ocr_carea ocr_par ocr_line ocrx_word'/>
</head>
<body>
  <div class='ocr_page' id='page_1' title='image "./ecloguesoffaustu00andruoft_0125.png"; bbox 0 0 1840 2731; ppageno 0'>
   <div class='ocr_carea' id='block_1_1' title="bbox 809 96 1657 131">
    <p class='ocr_par' dir='ltr' id='par_1_1' title="bbox 809 96 1657 131">
     <span class='ocr_line' id='line_1_1' title="bbox 809 96 1657 131; baseline -0.001 -4"><span class='ocrx_word' id='word_1_1' title='bbox 809 96 1124 127; x_wconf 85' lang='lat' dir='ltr'><em>APPENDICES</em></span> <span class='ocrx_word' id='word_1_2' title='bbox 1589 96 1657 131; x_wconf 83' lang='lat'>119</span> 
     </span>
    </p>
   </div>
   <div class='ocr_carea' id='block_1_2' title="bbox 278 205 1666 1177">
    <p class='ocr_par' dir='ltr' id='par_1_2' title="bbox 278 205 1663 371">
     <span class='ocr_line' id='line_1_2' title="bbox 279 205 1662 244; baseline -0.003 -6"><span class='ocrx_word' id='word_1_3' title='bbox 279 207 413 238; x_wconf 89' lang='lat' dir='ltr'>nullum</span> <span class='ocrx_word' id='word_1_4' title='bbox 433 207 595 238; x_wconf 84' lang='lat' dir='ltr'>libamine</span> <span class='ocrx_word' id='word_1_5' title='bbox 615 207 792 239; x_wconf 82' lang='lat' dir='ltr'><strong>Christum</strong></span> <span class='ocrx_word' id='word_1_6' title='bbox 806 207 835 239; x_wconf 92' lang='lat'>&#39;&#39;.</span> <span class='ocrx_word' id='word_1_7' title='bbox 884 206 913 238; x_wconf 96' lang='lat' dir='ltr'>O</span> <span class='ocrx_word' id='word_1_8' title='bbox 935 217 1005 237; x_wconf 88' lang='lat' dir='ltr'>rem</span> <span class='ocrx_word' id='word_1_9' title='bbox 1025 206 1225 241; x_wconf 81' lang='lat' dir='ltr'>nefandam,</span> <span class='ocrx_word' id='word_1_10' title='bbox 1244 217 1262 237; x_wconf 93' lang='grc' dir='ltr'>ο</span> <span class='ocrx_word' id='word_1_11' title='bbox 1283 206 1531 244; x_wconf 86' lang='lat' dir='ltr'>impudentiam</span> <span class='ocrx_word' id='word_1_12' title='bbox 1554 205 1662 242; x_wconf 87' lang='lat' dir='ltr'>impu-</span> 
     </span>
     <span class='ocr_line' id='line_1_3' title="bbox 279 248 1663 290; baseline -0.003 -7"><span class='ocrx_word' id='word_1_13' title='bbox 279 251 402 287; x_wconf 80' lang='lat' dir='ltr'>dicam,</span> <span class='ocrx_word' id='word_1_14' title='bbox 428 276 434 282; x_wconf 93' lang='lat'>.</span> <span class='ocrx_word' id='word_1_15' title='bbox 461 276 467 283; x_wconf 94' lang='lat'>.</span> <span class='ocrx_word' id='word_1_16' title='bbox 494 276 500 282; x_wconf 93' lang='lat'>.</span> <span class='ocrx_word' id='word_1_17' title='bbox 525 252 561 282; x_wconf 91' lang='lat' dir='ltr'>in</span> <span class='ocrx_word' id='word_1_18' title='bbox 585 262 654 290; x_wconf 89' lang='lat' dir='ltr'>qua</span> <span class='ocrx_word' id='word_1_19' title='bbox 677 251 815 283; x_wconf 89' lang='lat' dir='ltr'>tandem</span> <span class='ocrx_word' id='word_1_20' title='bbox 841 255 872 282; x_wconf 88' lang='lat' dir='ltr'>te</span> <span class='ocrx_word' id='word_1_21' title='bbox 899 251 979 282; x_wconf 91' lang='lat' dir='ltr'>orbe</span> <span class='ocrx_word' id='word_1_22' title='bbox 1006 251 1119 281; x_wconf 83' lang='lat' dir='ltr'>vivere</span> <span class='ocrx_word' id='word_1_23' title='bbox 1145 250 1350 281; x_wconf 85' lang='lat' dir='ltr'>arbitraris?</span> <span class='ocrx_word' id='word_1_24' title='bbox 1377 260 1419 280; x_wconf 85' lang='lat' dir='ltr'>an</span> <span class='ocrx_word' id='word_1_25' title='bbox 1443 250 1585 280; x_wconf 80' lang='lat' dir='ltr'>Tarenti</span> <span class='ocrx_word' id='word_1_26' title='bbox 1610 248 1663 279; x_wconf 82' lang='lat' dir='ltr'>vel</span> 
     </span>
     <span class='ocr_line' id='line_1_4' title="bbox 280 293 1661 333; baseline -0.003 -7"><span class='ocrx_word' id='word_1_27' title='bbox 280 296 417 326; x_wconf 90' lang='lat' dir='ltr'>Mileti?</span> <span class='ocrx_word' id='word_1_28' title='bbox 442 296 661 328; x_wconf 90' lang='lat' dir='ltr'>..Credis</span> <span class='ocrx_word' id='word_1_29' title='bbox 682 306 744 326; x_wconf 91' lang='lat' dir='ltr'>nos</span> <span class='ocrx_word' id='word_1_30' title='bbox 767 295 872 326; x_wconf 89' lang='lat' dir='ltr'>latere</span> <span class='ocrx_word' id='word_1_31' title='bbox 894 295 977 333; x_wconf 89' lang='lat' dir='ltr'>quid</span> <span class='ocrx_word' id='word_1_32' title='bbox 1001 300 1152 333; x_wconf 82' lang='lat' dir='ltr'>appetas,</span> <span class='ocrx_word' id='word_1_33' title='bbox 1176 305 1252 325; x_wconf 91' lang='lat' dir='ltr'>cum</span> <span class='ocrx_word' id='word_1_34' title='bbox 1277 294 1463 325; x_wconf 84' lang='lat' dir='ltr'>astantium</span> <span class='ocrx_word' id='word_1_35' title='bbox 1486 293 1546 323; x_wconf 89' lang='lat' dir='ltr'>tibi</span> <span class='ocrx_word' id='word_1_36' title='bbox 1571 294 1661 323; x_wconf 92' lang='lat' dir='ltr'>iuve-</span> 
     </span>
     <span class='ocr_line' id='line_1_5' title="bbox 278 339 1165 371; baseline -0.002 0"><span class='ocrx_word' id='word_1_37' title='bbox 278 350 360 371; x_wconf 87' lang='lat' dir='ltr'>num</span> <span class='ocrx_word' id='word_1_38' title='bbox 379 351 501 371; x_wconf 85' lang='lat' dir='ltr'>manus</span> <span class='ocrx_word' id='word_1_39' title='bbox 519 345 707 371; x_wconf 85' lang='lat' dir='ltr'>contrectes</span> <span class='ocrx_word' id='word_1_40' title='bbox 724 344 756 371; x_wconf 92' lang='lat' dir='ltr'>et</span> <span class='ocrx_word' id='word_1_41' title='bbox 775 339 864 371; x_wconf 88' lang='lat' dir='ltr'>colla</span> <span class='ocrx_word' id='word_1_42' title='bbox 883 339 1100 370; x_wconf 83' lang='lat' dir='ltr'><strong>demulceas?</strong></span> <span class='ocrx_word' id='word_1_43' title='bbox 1125 364 1132 370; x_wconf 91' lang='lat'>.</span> <span class='ocrx_word' id='word_1_44' title='bbox 1158 363 1165 370; x_wconf 95' lang='lat'>.</span> 
     </span>
    </p>

    <p class='ocr_par' dir='ltr' id='par_1_3' title="bbox 279 382 1662 510">
     <span class='ocr_line' id='line_1_6' title="bbox 323 382 1662 423; baseline -0.002 -9"><span class='ocrx_word' id='word_1_45' title='bbox 323 384 493 423; x_wconf 83' lang='lat' dir='ltr'>Agedum,</span> <span class='ocrx_word' id='word_1_46' title='bbox 524 384 726 416; x_wconf 87' lang='lat' dir='ltr'>Scholastici</span> <span class='ocrx_word' id='word_1_47' title='bbox 759 384 979 419; x_wconf 78' lang='lat' dir='ltr'>Parisienses.</span> <span class='ocrx_word' id='word_1_48' title='bbox 1009 383 1100 414; x_wconf 87' lang='lat' dir='ltr'>hunc</span> <span class='ocrx_word' id='word_1_49' title='bbox 1131 382 1335 414; x_wconf 85' lang='lat' dir='ltr'>nebulonem</span> <span class='ocrx_word' id='word_1_50' title='bbox 1368 383 1472 413; x_wconf 90' lang='lat' dir='ltr'>vestri</span> <span class='ocrx_word' id='word_1_51' title='bbox 1506 392 1662 420; x_wconf 81' lang='lat' dir='ltr'>praecep-</span> 
     </span>
     <span class='ocr_line' id='line_1_7' title="bbox 279 426 1663 466; baseline -0.002 -7"><span class='ocrx_word' id='word_1_52' title='bbox 279 429 363 459; x_wconf 82' lang='lat' dir='ltr'>toris</span> <span class='ocrx_word' id='word_1_53' title='bbox 391 428 618 459; x_wconf 83' lang='lat' dir='ltr'>amantissimi</span> <span class='ocrx_word' id='word_1_54' title='bbox 645 428 880 459; x_wconf 83' lang='lat' dir='ltr'>cavillatorem</span> <span class='ocrx_word' id='word_1_55' title='bbox 910 427 1205 466; x_wconf 89' lang='lat' dir='ltr'>improbissimum</span> <span class='ocrx_word' id='word_1_56' title='bbox 1231 426 1399 466; x_wconf 86' lang='lat' dir='ltr'>expellite,</span> <span class='ocrx_word' id='word_1_57' title='bbox 1429 426 1663 461; x_wconf 80' lang='lat' dir='ltr'>exterminate</span> 
     </span>
     <span class='ocr_line' id='line_1_8' title="bbox 279 470 1661 510; baseline -0.002 -7"><span class='ocrx_word' id='word_1_58' title='bbox 279 473 385 503; x_wconf 87' lang='lat' dir='ltr'>eicite.</span> <span class='ocrx_word' id='word_1_59' title='bbox 411 496 418 503; x_wconf 88' lang='lat'>.</span> <span class='ocrx_word' id='word_1_60' title='bbox 444 497 451 503; x_wconf 94' lang='lat'>.</span> <span class='ocrx_word' id='word_1_61' title='bbox 477 498 483 505; x_wconf 91' lang='lat'>.</span> <span class='ocrx_word' id='word_1_62' title='bbox 512 473 667 503; x_wconf 89' lang='lat' dir='ltr'>Nimium</span> <span class='ocrx_word' id='word_1_63' title='bbox 702 473 762 504; x_wconf 91' lang='lat' dir='ltr'>diu</span> <span class='ocrx_word' id='word_1_64' title='bbox 796 473 861 503; x_wconf 85' lang='lat' dir='ltr'>viri</span> <span class='ocrx_word' id='word_1_65' title='bbox 893 472 1111 503; x_wconf 80' lang='lat' dir='ltr'>insolentiam</span> <span class='ocrx_word' id='word_1_66' title='bbox 1147 472 1438 510; x_wconf 84' lang='lat' dir='ltr'>temeritatemque</span> <span class='ocrx_word' id='word_1_67' title='bbox 1471 470 1661 506; x_wconf 82' lang='lat' dir='ltr'>tolerastis;</span> 
     </span>
    </p>

    <p class='ocr_par' dir='ltr' id='par_1_4' title="bbox 279 515 1666 1177">
     <span class='ocr_line' id='line_1_9' title="bbox 346 515 1663 556; baseline -0.002 -8"><span class='ocrx_word' id='word_1_68' title='bbox 346 541 352 547; x_wconf 93' lang='lat'>.</span> <span class='ocrx_word' id='word_1_69' title='bbox 379 517 564 548; x_wconf 85' lang='lat' dir='ltr'>Vobiscum</span> <span class='ocrx_word' id='word_1_70' title='bbox 593 517 666 548; x_wconf 89' lang='lat' dir='ltr'>eius</span> <span class='ocrx_word' id='word_1_71' title='bbox 701 516 840 556; x_wconf 85' lang='lat' dir='ltr'>(Balbi)</span> <span class='ocrx_word' id='word_1_72' title='bbox 875 527 959 555; x_wconf 82' lang='lat' dir='ltr'>erga</span> <span class='ocrx_word' id='word_1_73' title='bbox 989 527 1048 547; x_wconf 90' lang='lat' dir='ltr'>vos</span> <span class='ocrx_word' id='word_1_74' title='bbox 1081 521 1181 555; x_wconf 85' lang='lat' dir='ltr'>grata</span> <span class='ocrx_word' id='word_1_75' title='bbox 1209 516 1317 547; x_wconf 86' lang='lat' dir='ltr'>officia</span> <span class='ocrx_word' id='word_1_76' title='bbox 1348 515 1504 546; x_wconf 85' lang='lat' dir='ltr'>recolite:</span> <span class='ocrx_word' id='word_1_77' title='bbox 1537 520 1572 545; x_wconf 88' lang='lat' dir='ltr'>ut</span> <span class='ocrx_word' id='word_1_78' title='bbox 1604 525 1663 545; x_wconf 85' lang='lat' dir='ltr'>vos</span> 
     </span>
     <span class='ocr_line' id='line_1_10' title="bbox 279 559 1663 601; baseline -0.002 -9"><span class='ocrx_word' id='word_1_79' title='bbox 279 561 380 592; x_wconf 91' lang='lat' dir='ltr'>modo</span> <span class='ocrx_word' id='word_1_80' title='bbox 406 561 448 592; x_wconf 87' lang='lat' dir='ltr'>ad</span> <span class='ocrx_word' id='word_1_81' title='bbox 474 561 658 592; x_wconf 84' lang='lat' dir='ltr'>rhetorices</span> <span class='ocrx_word' id='word_1_82' title='bbox 680 561 889 601; x_wconf 86' lang='lat' dir='ltr'>capessenda</span> <span class='ocrx_word' id='word_1_83' title='bbox 913 561 1109 592; x_wconf 90' lang='lat' dir='ltr'>rudimenta</span> <span class='ocrx_word' id='word_1_84' title='bbox 1130 560 1282 591; x_wconf 87' lang='lat' dir='ltr'>iucunda</span> <span class='ocrx_word' id='word_1_85' title='bbox 1306 559 1476 590; x_wconf 87' lang='lat' dir='ltr'>invitabat</span> <span class='ocrx_word' id='word_1_86' title='bbox 1499 559 1663 592; x_wconf 79' lang='lat' dir='ltr'>oratione.</span> 
     </span>
     <span class='ocr_line' id='line_1_11' title="bbox 279 603 1663 641; baseline -0.003 -4"><span class='ocrx_word' id='word_1_87' title='bbox 279 605 382 637; x_wconf 89' lang='lat' dir='ltr'>modo</span> <span class='ocrx_word' id='word_1_88' title='bbox 404 606 447 637; x_wconf 86' lang='lat' dir='ltr'>ad</span> <span class='ocrx_word' id='word_1_89' title='bbox 467 606 714 637; x_wconf 87' lang='lat' dir='ltr'>mansuetiores</span> <span class='ocrx_word' id='word_1_90' title='bbox 737 606 856 637; x_wconf 87' lang='lat' dir='ltr'>Musas</span> <span class='ocrx_word' id='word_1_91' title='bbox 877 605 1077 636; x_wconf 90' lang='lat' dir='ltr'>deducendo</span> <span class='ocrx_word' id='word_1_92' title='bbox 1101 605 1230 635; x_wconf 84' lang='lat' dir='ltr'>fessum</span> <span class='ocrx_word' id='word_1_93' title='bbox 1253 604 1425 635; x_wconf 86' lang='lat' dir='ltr'>reficiebat</span> <span class='ocrx_word' id='word_1_94' title='bbox 1448 603 1538 635; x_wconf 88' lang='lat' dir='ltr'>dulci</span> <span class='ocrx_word' id='word_1_95' title='bbox 1563 614 1663 641; x_wconf 82' lang='lat' dir='ltr'>reque</span> 
     </span>
     <span class='ocr_line' id='line_1_12' title="bbox 286 647 1666 689; baseline -0.001 -10"><span class='ocrx_word' id='word_1_96' title='bbox 286 650 464 688; x_wconf 60' lang='lat' dir='ltr'>(requid)</span> <span class='ocrx_word' id='word_1_97' title='bbox 507 650 695 689; x_wconf 86' lang='lat' dir='ltr'>ingenium.</span> <span class='ocrx_word' id='word_1_98' title='bbox 757 650 860 689; x_wconf 89' lang='lat' dir='ltr'>Quid,</span> <span class='ocrx_word' id='word_1_99' title='bbox 897 660 1010 680; x_wconf 87' lang='lat' dir='ltr'>nonne</span> <span class='ocrx_word' id='word_1_100' title='bbox 1046 650 1366 680; x_wconf 82' lang='lat' dir='ltr'>mathematicarum</span> <span class='ocrx_word' id='word_1_101' title='bbox 1403 647 1666 687; x_wconf 84' lang='lat' dir='ltr'>disciplinarum</span> 
     </span>
     <span class='ocr_line' id='line_1_13' title="bbox 279 691 1664 733; baseline -0.001 -8"><span class='ocrx_word' id='word_1_102' title='bbox 279 695 511 732; x_wconf 83' lang='lat' dir='ltr'>cognitionem</span> <span class='ocrx_word' id='word_1_103' title='bbox 545 705 650 733; x_wconf 89' lang='lat' dir='ltr'>paene</span> <span class='ocrx_word' id='word_1_104' title='bbox 683 694 752 725; x_wconf 87' lang='lat' dir='ltr'>iam</span> <span class='ocrx_word' id='word_1_105' title='bbox 785 694 1016 725; x_wconf 84' lang='lat' dir='ltr'>obsoletarum</span> <span class='ocrx_word' id='word_1_106' title='bbox 1049 694 1213 724; x_wconf 83' lang='lat' dir='ltr'>reseravit</span> <span class='ocrx_word' id='word_1_107' title='bbox 1246 693 1471 732; x_wconf 86' lang='lat' dir='ltr'>scientiaeque</span> <span class='ocrx_word' id='word_1_108' title='bbox 1507 691 1664 723; x_wconf 85' lang='lat' dir='ltr'>sideralis</span> 
     </span>
     <span class='ocr_line' id='line_1_14' title="bbox 279 737 1664 777; baseline -0.001 -8"><span class='ocrx_word' id='word_1_109' title='bbox 279 739 448 769; x_wconf 87' lang='lat' dir='ltr'>rationem</span> <span class='ocrx_word' id='word_1_110' title='bbox 491 739 665 777; x_wconf 78' lang='lat' dir='ltr'>explicans</span> <span class='ocrx_word' id='word_1_111' title='bbox 710 739 941 769; x_wconf 86' lang='lat' dir='ltr'>eruditissime</span> <span class='ocrx_word' id='word_1_112' title='bbox 986 738 1162 769; x_wconf 81' lang='lat' dir='ltr'>‘defectus</span> <span class='ocrx_word' id='word_1_113' title='bbox 1209 738 1289 769; x_wconf 90' lang='lat' dir='ltr'>solis</span> <span class='ocrx_word' id='word_1_114' title='bbox 1337 737 1450 768; x_wconf 87' lang='lat' dir='ltr'>varios</span> <span class='ocrx_word' id='word_1_115' title='bbox 1496 737 1664 775; x_wconf 88' lang='lat' dir='ltr'>lunaeque</span> 
     </span>
     <span class='ocr_line' id='line_1_15' title="bbox 280 781 1664 821; baseline -0.001 -8"><span class='ocrx_word' id='word_1_116' title='bbox 280 783 468 813; x_wconf 76' lang='lat' dir='ltr'>labores’*</span> <span class='ocrx_word' id='word_1_117' title='bbox 498 783 658 814; x_wconf 86' lang='lat' dir='ltr'>edocuit?</span> <span class='ocrx_word' id='word_1_118' title='bbox 688 784 785 814; x_wconf 80' lang='lat' dir='ltr'>cuius</span> <span class='ocrx_word' id='word_1_119' title='bbox 815 783 944 814; x_wconf 83' lang='lat' dir='ltr'>dictata</span> <span class='ocrx_word' id='word_1_120' title='bbox 972 783 1178 821; x_wconf 82' lang='lat' dir='ltr'>excipientes</span> <span class='ocrx_word' id='word_1_121' title='bbox 1207 782 1366 813; x_wconf 88' lang='lat' dir='ltr'>nonnulli</span> <span class='ocrx_word' id='word_1_122' title='bbox 1396 782 1438 813; x_wconf 88' lang='lat' dir='ltr'>ad</span> <span class='ocrx_word' id='word_1_123' title='bbox 1466 781 1557 813; x_wconf 91' lang='lat' dir='ltr'>hunc</span> <span class='ocrx_word' id='word_1_124' title='bbox 1590 792 1664 819; x_wconf 85' lang='lat' dir='ltr'>gra-</span> 
     </span>
     <span class='ocr_line' id='line_1_16' title="bbox 281 824 1666 866; baseline -0.001 -8"><span class='ocrx_word' id='word_1_125' title='bbox 281 827 395 858; x_wconf 88' lang='lat' dir='ltr'>culum</span> <span class='ocrx_word' id='word_1_126' title='bbox 419 828 611 858; x_wconf 86' lang='lat' dir='ltr'>deferentes</span> <span class='ocrx_word' id='word_1_127' title='bbox 633 827 796 858; x_wconf 86' lang='lat' dir='ltr'>continuo</span> <span class='ocrx_word' id='word_1_128' title='bbox 819 827 982 866; x_wconf 80' lang='lat' dir='ltr'>sphaerae</span> <span class='ocrx_word' id='word_1_129' title='bbox 1006 837 1206 865; x_wconf 83' lang='lat' dir='ltr'>aggressum</span> <span class='ocrx_word' id='word_1_130' title='bbox 1227 826 1545 865; x_wconf 83' lang='lat' dir='ltr'>interpretationem</span> <span class='ocrx_word' id='word_1_131' title='bbox 1568 824 1666 856; x_wconf 81' lang='lat' dir='ltr'>Balbi</span> 
     </span>
     <span class='ocr_line' id='line_1_17' title="bbox 280 870 1665 910; baseline -0.001 -8"><span class='ocrx_word' id='word_1_132' title='bbox 280 871 404 910; x_wconf 85' lang='lat' dir='ltr'>glossis</span> <span class='ocrx_word' id='word_1_133' title='bbox 423 872 601 908; x_wconf 88' lang='lat' dir='ltr'>confisum,</span> <span class='ocrx_word' id='word_1_134' title='bbox 623 882 708 910; x_wconf 85' lang='lat' dir='ltr'>quas</span> <span class='ocrx_word' id='word_1_135' title='bbox 729 883 806 902; x_wconf 90' lang='lat' dir='ltr'>eum</span> <span class='ocrx_word' id='word_1_136' title='bbox 827 872 952 902; x_wconf 89' lang='lat' dir='ltr'>durum</span> <span class='ocrx_word' id='word_1_137' title='bbox 973 877 1075 910; x_wconf 78' lang='lat' dir='ltr'>caput</span> <span class='ocrx_word' id='word_1_138' title='bbox 1095 882 1355 909; x_wconf 86' lang='lat' dir='ltr'>nonnumquam</span> <span class='ocrx_word' id='word_1_139' title='bbox 1378 870 1465 901; x_wconf 90' lang='lat' dir='ltr'>male</span> <span class='ocrx_word' id='word_1_140' title='bbox 1488 871 1665 908; x_wconf 88' lang='lat' dir='ltr'>acciperet,</span> 
     </span>
     <span class='ocr_line' id='line_1_18' title="bbox 280 914 1666 955; baseline -0.001 -9"><span class='ocrx_word' id='word_1_141' title='bbox 280 917 315 946; x_wconf 89' lang='lat' dir='ltr'>in</span> <span class='ocrx_word' id='word_1_142' title='bbox 340 927 424 954; x_wconf 89' lang='lat' dir='ltr'>quos</span> <span class='ocrx_word' id='word_1_143' title='bbox 453 916 557 954; x_wconf 91' lang='lat' dir='ltr'>(bone</span> <span class='ocrx_word' id='word_1_144' title='bbox 582 917 682 955; x_wconf 91' lang='lat' dir='ltr'>deus)</span> <span class='ocrx_word' id='word_1_145' title='bbox 711 927 844 947; x_wconf 89' lang='lat' dir='ltr'>errores</span> <span class='ocrx_word' id='word_1_146' title='bbox 866 915 1021 954; x_wconf 85' lang='lat' dir='ltr'>dilapsus</span> <span class='ocrx_word' id='word_1_147' title='bbox 1046 921 1241 954; x_wconf 83' lang='lat' dir='ltr'>quantoque</span> <span class='ocrx_word' id='word_1_148' title='bbox 1267 915 1310 946; x_wconf 87' lang='lat' dir='ltr'>ab</span> <span class='ocrx_word' id='word_1_149' title='bbox 1334 915 1504 951; x_wconf 81' lang='lat' dir='ltr'>omnibus,</span> <span class='ocrx_word' id='word_1_150' title='bbox 1528 914 1666 953; x_wconf 86' lang='lat' dir='ltr'>cognita</span> 
     </span>
     <span class='ocr_line' id='line_1_19' title="bbox 280 959 1666 999; baseline -0.001 -9"><span class='ocrx_word' id='word_1_151' title='bbox 280 960 430 991; x_wconf 89' lang='lat' dir='ltr'>hominis</span> <span class='ocrx_word' id='word_1_152' title='bbox 456 961 606 991; x_wconf 80' lang='lat' dir='ltr'>vanitate</span> <span class='ocrx_word' id='word_1_153' title='bbox 633 966 665 992; x_wconf 91' lang='lat' dir='ltr'>et</span> <span class='ocrx_word' id='word_1_154' title='bbox 691 961 899 999; x_wconf 82' lang='lat' dir='ltr'>ignorantia,</span> <span class='ocrx_word' id='word_1_155' title='bbox 928 961 999 991; x_wconf 79' lang='lat' dir='ltr'>risu</span> <span class='ocrx_word' id='word_1_156' title='bbox 1028 965 1198 998; x_wconf 80' lang='lat' dir='ltr'>exceptus.</span> <span class='ocrx_word' id='word_1_157' title='bbox 1250 960 1295 990; x_wconf 82' lang='lat' dir='ltr'>At</span> <span class='ocrx_word' id='word_1_158' title='bbox 1323 960 1377 990; x_wconf 88' lang='lat' dir='ltr'>hic</span> <span class='ocrx_word' id='word_1_159' title='bbox 1404 959 1582 990; x_wconf 84' lang='lat' dir='ltr'>Thrasone</span> <span class='ocrx_word' id='word_1_160' title='bbox 1613 959 1666 990; x_wconf 86' lang='lat' dir='ltr'>de-</span> 
     </span>
     <span class='ocr_line' id='line_1_20' title="bbox 281 1003 1666 1043; baseline -0.001 -8"><span class='ocrx_word' id='word_1_161' title='bbox 281 1005 428 1035; x_wconf 86' lang='lat' dir='ltr'>mentior</span> <span class='ocrx_word' id='word_1_162' title='bbox 448 1016 523 1036; x_wconf 87' lang='lat' dir='ltr'>cum</span> <span class='ocrx_word' id='word_1_163' title='bbox 546 1005 712 1036; x_wconf 90' lang='lat' dir='ltr'>irridetur</span> <span class='ocrx_word' id='word_1_164' title='bbox 732 1005 889 1040; x_wconf 80' lang='lat' dir='ltr'>maxime,</span> <span class='ocrx_word' id='word_1_165' title='bbox 915 1010 985 1035; x_wconf 87' lang='lat' dir='ltr'>tum</span> <span class='ocrx_word' id='word_1_166' title='bbox 1010 1016 1042 1035; x_wconf 91' lang='lat' dir='ltr'>se</span> <span class='ocrx_word' id='word_1_167' title='bbox 1063 1005 1171 1035; x_wconf 90' lang='lat' dir='ltr'>credit</span> <span class='ocrx_word' id='word_1_168' title='bbox 1194 1004 1382 1043; x_wconf 87' lang='lat' dir='ltr'>plurimum</span> <span class='ocrx_word' id='word_1_169' title='bbox 1405 1003 1553 1035; x_wconf 88' lang='lat' dir='ltr'>laudari.</span> <span class='ocrx_word' id='word_1_170' title='bbox 1601 1003 1666 1035; x_wconf 85' lang='lat' dir='ltr'>Sed</span> 
     </span>
     <span class='ocr_line' id='line_1_21' title="bbox 282 1047 1666 1088; baseline -0.001 -8"><span class='ocrx_word' id='word_1_171' title='bbox 282 1054 318 1080; x_wconf 91' lang='lat' dir='ltr'>ut</span> <span class='ocrx_word' id='word_1_172' title='bbox 343 1049 385 1080; x_wconf 84' lang='lat' dir='ltr'>ad</span> <span class='ocrx_word' id='word_1_173' title='bbox 408 1061 477 1080; x_wconf 91' lang='lat' dir='ltr'>rem</span> <span class='ocrx_word' id='word_1_174' title='bbox 501 1050 646 1082; x_wconf 86' lang='lat' dir='ltr'>redeam.</span> <span class='ocrx_word' id='word_1_175' title='bbox 695 1049 780 1088; x_wconf 88' lang='lat' dir='ltr'>Quis</span> <span class='ocrx_word' id='word_1_176' title='bbox 806 1049 913 1080; x_wconf 87' lang='lat' dir='ltr'>Balbo</span> <span class='ocrx_word' id='word_1_177' title='bbox 936 1049 1058 1080; x_wconf 89' lang='lat' dir='ltr'>melius</span> <span class='ocrx_word' id='word_1_178' title='bbox 1084 1049 1274 1088; x_wconf 81' lang='lat' dir='ltr'>praeceptis</span> <span class='ocrx_word' id='word_1_179' title='bbox 1296 1048 1532 1086; x_wconf 85' lang='lat' dir='ltr'>institutisque</span> <span class='ocrx_word' id='word_1_180' title='bbox 1557 1047 1666 1087; x_wconf 88' lang='lat' dir='ltr'>philo-</span> 
     </span>
     <span class='ocr_line' id='line_1_22' title="bbox 282 1092 1665 1132; baseline 0 -9"><span class='ocrx_word' id='word_1_181' title='bbox 282 1093 421 1132; x_wconf 85' lang='lat' dir='ltr'>sophiae</span> <span class='ocrx_word' id='word_1_182' title='bbox 445 1094 605 1125; x_wconf 78' lang='lat' dir='ltr'>iuvenum</span> <span class='ocrx_word' id='word_1_183' title='bbox 630 1094 760 1125; x_wconf 87' lang='lat' dir='ltr'>animos</span> <span class='ocrx_word' id='word_1_184' title='bbox 783 1093 958 1124; x_wconf 88' lang='lat' dir='ltr'>erudivit?</span> <span class='ocrx_word' id='word_1_185' title='bbox 979 1094 1054 1131; x_wconf 89' lang='lat' dir='ltr'>quis</span> <span class='ocrx_word' id='word_1_186' title='bbox 1077 1093 1237 1124; x_wconf 89' lang='lat' dir='ltr'>subtilius</span> <span class='ocrx_word' id='word_1_187' title='bbox 1258 1093 1344 1123; x_wconf 89' lang='lat' dir='ltr'>iuris</span> <span class='ocrx_word' id='word_1_188' title='bbox 1367 1093 1475 1124; x_wconf 90' lang='lat' dir='ltr'>nodos</span> <span class='ocrx_word' id='word_1_189' title='bbox 1498 1097 1530 1123; x_wconf 85' lang='lat' dir='ltr'>et</span> <span class='ocrx_word' id='word_1_190' title='bbox 1551 1092 1665 1130; x_wconf 86' lang='lat' dir='ltr'>legum</span> 
     </span>
     <span class='ocr_line' id='line_1_23' title="bbox 282 1138 781 1177; baseline 0.006 -10"><span class='ocrx_word' id='word_1_191' title='bbox 282 1138 441 1169; x_wconf 83' lang='lat' dir='ltr'>dissolvit</span> <span class='ocrx_word' id='word_1_192' title='bbox 466 1138 684 1177; x_wconf 80' lang='lat' dir='ltr'>aenigmata?</span> <span class='ocrx_word' id='word_1_193' title='bbox 710 1162 716 1170; x_wconf 88' lang='lat'>.</span> <span class='ocrx_word' id='word_1_194' title='bbox 741 1162 749 1169; x_wconf 88' lang='lat'>.</span> <span class='ocrx_word' id='word_1_195' title='bbox 775 1162 781 1170; x_wconf 93' lang='lat'>.</span> 
     </span>
    </p>
   </div>
   <div class='ocr_carea' id='block_1_3' title="bbox 446 1272 1495 1392">
    <p class='ocr_par' dir='ltr' id='par_1_5' title="bbox 446 1272 1495 1392">
     <span class='ocr_line' id='line_1_24' title="bbox 809 1272 1136 1303; baseline 0 0"><span class='ocrx_word' id='word_1_196' title='bbox 809 1272 1067 1303; x_wconf 83' lang='lat' dir='ltr'>APPENDIX</span> <span class='ocrx_word' id='word_1_197' title='bbox 1095 1273 1136 1303; x_wconf 86' lang='lat' dir='ltr'>D.</span> 
     </span>
     <span class='ocr_line' id='line_1_25' title="bbox 446 1360 1495 1392; baseline 0 -1"><span class='ocrx_word' id='word_1_198' title='bbox 446 1361 598 1392; x_wconf 80' lang='lat' dir='ltr'>Fauslus</span> <span class='ocrx_word' id='word_1_199' title='bbox 615 1362 717 1392; x_wconf 81' lang='lat' dir='ltr'>Petro</span> <span class='ocrx_word' id='word_1_200' title='bbox 739 1361 874 1392; x_wconf 83' lang='lat' dir='ltr'>Coardo</span> <span class='ocrx_word' id='word_1_201' title='bbox 896 1361 1069 1392; x_wconf 81' lang='lat' dir='ltr'>Primario</span> <span class='ocrx_word' id='word_1_202' title='bbox 1091 1361 1260 1392; x_wconf 77' lang='lat' dir='ltr'>Franciae</span> <span class='ocrx_word' id='word_1_203' title='bbox 1282 1361 1440 1392; x_wconf 76' lang='lat' dir='ltr'>Praesidi</span> <span class='ocrx_word' id='word_1_204' title='bbox 1461 1360 1495 1391; x_wconf 83' lang='lat' dir='ltr'>S.</span> 
     </span>
    </p>
   </div>
   <div class='ocr_carea' id='block_1_4' title="bbox 282 1450 1668 1710">
    <p class='ocr_par' dir='ltr' id='par_1_6' title="bbox 282 1450 1668 1710">
     <span class='ocr_line' id='line_1_26' title="bbox 330 1450 1668 1486; baseline -0.001 -6"><span class='ocrx_word' id='word_1_205' title='bbox 330 1450 496 1480; x_wconf 86' lang='lat' dir='ltr'>Maiorem</span> <span class='ocrx_word' id='word_1_206' title='bbox 522 1450 556 1480; x_wconf 93' lang='lat' dir='ltr'>in</span> <span class='ocrx_word' id='word_1_207' title='bbox 581 1450 721 1481; x_wconf 91' lang='lat' dir='ltr'>modum</span> <span class='ocrx_word' id='word_1_208' title='bbox 746 1450 948 1485; x_wconf 85' lang='lat' dir='ltr'>admirarer,</span> <span class='ocrx_word' id='word_1_209' title='bbox 971 1450 1238 1481; x_wconf 86' lang='lat' dir='ltr'>eminentissime</span> <span class='ocrx_word' id='word_1_210' title='bbox 1263 1450 1414 1483; x_wconf 70' lang='lat' dir='ltr'>praeses,</span> <span class='ocrx_word' id='word_1_211' title='bbox 1438 1450 1466 1480; x_wconf 90' lang='lat' dir='ltr'>si</span> <span class='ocrx_word' id='word_1_212' title='bbox 1493 1460 1580 1480; x_wconf 86' lang='lat' dir='ltr'>unus</span> <span class='ocrx_word' id='word_1_213' title='bbox 1605 1460 1668 1486; x_wconf 75' lang='lat' dir='ltr'>ego</span> 
     </span>
     <span class='ocr_line' id='line_1_27' title="bbox 282 1492 1666 1533; baseline -0.001 -9"><span class='ocrx_word' id='word_1_214' title='bbox 282 1495 452 1533; x_wconf 87' lang='lat' dir='ltr'>reperirer</span> <span class='ocrx_word' id='word_1_215' title='bbox 480 1495 514 1524; x_wconf 92' lang='lat' dir='ltr'>in</span> <span class='ocrx_word' id='word_1_216' title='bbox 546 1506 644 1532; x_wconf 90' lang='lat' dir='ltr'>quem</span> <span class='ocrx_word' id='word_1_217' title='bbox 674 1495 826 1533; x_wconf 84' lang='lat' dir='ltr'>grassari</span> <span class='ocrx_word' id='word_1_218' title='bbox 854 1504 964 1533; x_wconf 86' lang='lat' dir='ltr'>nuper</span> <span class='ocrx_word' id='word_1_219' title='bbox 994 1495 1160 1532; x_wconf 83' lang='lat' dir='ltr'>inciperet</span> <span class='ocrx_word' id='word_1_220' title='bbox 1189 1494 1329 1525; x_wconf 84' lang='lat' dir='ltr'>invidus</span> <span class='ocrx_word' id='word_1_221' title='bbox 1360 1494 1547 1525; x_wconf 88' lang='lat' dir='ltr'>oblocutor.</span> <span class='ocrx_word' id='word_1_222' title='bbox 1604 1492 1666 1524; x_wconf 77' lang='lat' dir='ltr'>Sed</span> 
     </span>
     <span class='ocr_line' id='line_1_28' title="bbox 283 1538 1667 1577; baseline -0.001 -8"><span class='ocrx_word' id='word_1_223' title='bbox 283 1549 360 1570; x_wconf 91' lang='lat' dir='ltr'>cum</span> <span class='ocrx_word' id='word_1_224' title='bbox 384 1538 500 1570; x_wconf 91' lang='lat' dir='ltr'>nullus</span> <span class='ocrx_word' id='word_1_225' title='bbox 525 1539 740 1577; x_wconf 88' lang='lat' dir='ltr'>potissimum</span> <span class='ocrx_word' id='word_1_226' title='bbox 765 1539 937 1570; x_wconf 87' lang='lat' dir='ltr'>litteratus</span> <span class='ocrx_word' id='word_1_227' title='bbox 962 1544 1019 1570; x_wconf 85' lang='lat' dir='ltr'>aut</span> <span class='ocrx_word' id='word_1_228' title='bbox 1044 1539 1150 1570; x_wconf 76' lang='lat' dir='ltr'>fuerit</span> <span class='ocrx_word' id='word_1_229' title='bbox 1177 1544 1234 1569; x_wconf 92' lang='lat' dir='ltr'>aut</span> <span class='ocrx_word' id='word_1_230' title='bbox 1261 1539 1303 1569; x_wconf 77' lang='lat' dir='ltr'>sit</span> <span class='ocrx_word' id='word_1_231' title='bbox 1328 1539 1386 1577; x_wconf 85' lang='lat' dir='ltr'>qui</span> <span class='ocrx_word' id='word_1_232' title='bbox 1411 1538 1552 1569; x_wconf 82' lang='lat' dir='ltr'>huiusce</span> <span class='ocrx_word' id='word_1_233' title='bbox 1578 1538 1667 1568; x_wconf 83' lang='lat' dir='ltr'>vitae</span> 
     </span>
     <span class='ocr_line' id='line_1_29' title="bbox 282 1582 1667 1621; baseline -0.001 -8"><span class='ocrx_word' id='word_1_234' title='bbox 282 1582 458 1614; x_wconf 85' lang='lat' dir='ltr'>curricula</span> <span class='ocrx_word' id='word_1_235' title='bbox 477 1584 626 1621; x_wconf 88' lang='lat' dir='ltr'>potuerit</span> <span class='ocrx_word' id='word_1_236' title='bbox 647 1583 772 1621; x_wconf 84' lang='lat' dir='ltr'>absque</span> <span class='ocrx_word' id='word_1_237' title='bbox 794 1594 910 1614; x_wconf 90' lang='lat' dir='ltr'>morsu</span> <span class='ocrx_word' id='word_1_238' title='bbox 932 1583 1134 1614; x_wconf 85' lang='lat' dir='ltr'>latrantium</span> <span class='ocrx_word' id='word_1_239' title='bbox 1156 1583 1334 1614; x_wconf 91' lang='lat' dir='ltr'>hominum</span> <span class='ocrx_word' id='word_1_240' title='bbox 1357 1583 1577 1621; x_wconf 76' lang='lat' dir='ltr'>pertransire,</span> <span class='ocrx_word' id='word_1_241' title='bbox 1601 1593 1667 1613; x_wconf 91' lang='lat' dir='ltr'>non</span> 
     </span>
     <span class='ocr_line' id='line_1_30' title="bbox 283 1627 1667 1666; baseline 0 -9"><span class='ocrx_word' id='word_1_242' title='bbox 283 1627 385 1658; x_wconf 92' lang='lat' dir='ltr'>modo</span> <span class='ocrx_word' id='word_1_243' title='bbox 409 1638 477 1658; x_wconf 91' lang='lat' dir='ltr'>non</span> <span class='ocrx_word' id='word_1_244' title='bbox 503 1627 655 1658; x_wconf 90' lang='lat' dir='ltr'>admiror</span> <span class='ocrx_word' id='word_1_245' title='bbox 681 1628 739 1659; x_wconf 93' lang='lat' dir='ltr'>sed</span> <span class='ocrx_word' id='word_1_246' title='bbox 763 1628 898 1666; x_wconf 91' lang='lat' dir='ltr'>penitus</span> <span class='ocrx_word' id='word_1_247' title='bbox 921 1632 1101 1659; x_wconf 88' lang='lat' dir='ltr'>contemno</span> <span class='ocrx_word' id='word_1_248' title='bbox 1127 1628 1286 1658; x_wconf 84' lang='lat' dir='ltr'>emissam</span> <span class='ocrx_word' id='word_1_249' title='bbox 1310 1628 1344 1657; x_wconf 89' lang='lat' dir='ltr'>in</span> <span class='ocrx_word' id='word_1_250' title='bbox 1373 1638 1424 1657; x_wconf 91' lang='lat' dir='ltr'>me</span> <span class='ocrx_word' id='word_1_251' title='bbox 1451 1627 1667 1661; x_wconf 81' lang='lat' dir='ltr'>invectivam,</span> 
     </span>
     <span class='ocr_line' id='line_1_31' title="bbox 283 1670 1668 1710; baseline 0.001 -9"><span class='ocrx_word' id='word_1_252' title='bbox 283 1681 443 1710; x_wconf 84' lang='lat' dir='ltr'>spurcam</span> <span class='ocrx_word' id='word_1_253' title='bbox 466 1682 544 1702; x_wconf 84' lang='lat' dir='ltr'>sane</span> <span class='ocrx_word' id='word_1_254' title='bbox 566 1677 598 1702; x_wconf 88' lang='lat' dir='ltr'>et</span> <span class='ocrx_word' id='word_1_255' title='bbox 617 1672 658 1702; x_wconf 87' lang='lat' dir='ltr'>ab</span> <span class='ocrx_word' id='word_1_256' title='bbox 679 1672 771 1703; x_wconf 89' lang='lat' dir='ltr'>omni</span> <span class='ocrx_word' id='word_1_257' title='bbox 791 1682 932 1710; x_wconf 78' lang='lat' dir='ltr'>prorsus</span> <span class='ocrx_word' id='word_1_258' title='bbox 953 1672 1095 1702; x_wconf 80' lang='lat' dir='ltr'>veritate</span> <span class='ocrx_word' id='word_1_259' title='bbox 1117 1671 1273 1702; x_wconf 76' lang='lat' dir='ltr'>alienam.</span> <span class='ocrx_word' id='word_1_260' title='bbox 1321 1672 1369 1703; x_wconf 93' lang='lat' dir='ltr'>Ut</span> <span class='ocrx_word' id='word_1_261' title='bbox 1392 1677 1504 1702; x_wconf 88' lang='lat' dir='ltr'>autem</span> <span class='ocrx_word' id='word_1_262' title='bbox 1526 1670 1668 1702; x_wconf 88' lang='lat' dir='ltr'>liberius</span> 
     </span>
    </p>
   </div>
   <div class='ocr_carea' id='block_1_5' title="bbox 238 1716 1667 1756">
    <p class='ocr_par' dir='ltr' id='par_1_7' title="bbox 238 1716 1667 1756">
     <span class='ocr_line' id='line_1_32' title="bbox 238 1716 1667 1756; baseline -0.001 -10"><span class='ocrx_word' id='word_1_263' title='bbox 238 1750 241 1753; x_wconf 57' lang='grc'>,</span> <span class='ocrx_word' id='word_1_264' title='bbox 285 1717 505 1756; x_wconf 77' lang='lat' dir='ltr'>apertiusque</span> <span class='ocrx_word' id='word_1_265' title='bbox 536 1717 738 1747; x_wconf 89' lang='lat' dir='ltr'>mentiretur</span> <span class='ocrx_word' id='word_1_266' title='bbox 768 1721 886 1747; x_wconf 87' lang='lat' dir='ltr'>auctor</span> <span class='ocrx_word' id='word_1_267' title='bbox 914 1716 1029 1747; x_wconf 90' lang='lat' dir='ltr'>nescio</span> <span class='ocrx_word' id='word_1_268' title='bbox 1058 1716 1144 1754; x_wconf 83' lang='lat' dir='ltr'>quis,</span> <span class='ocrx_word' id='word_1_269' title='bbox 1175 1727 1216 1747; x_wconf 92' lang='lat' dir='ltr'>ne</span> <span class='ocrx_word' id='word_1_270' title='bbox 1247 1726 1370 1746; x_wconf 88' lang='lat' dir='ltr'>nomen</span> <span class='ocrx_word' id='word_1_271' title='bbox 1399 1716 1537 1753; x_wconf 85' lang='lat' dir='ltr'>quidem</span> <span class='ocrx_word' id='word_1_272' title='bbox 1569 1726 1667 1746; x_wconf 86' lang='lat' dir='ltr'>suum</span> 
     </span>
    </p>
   </div>
   <div class='ocr_carea' id='block_1_6' title="bbox 279 1760 1673 2376">
    <p class='ocr_par' dir='ltr' id='par_1_8' title="bbox 279 1760 1673 2376">
     <span class='ocr_line' id='line_1_33' title="bbox 284 1760 1668 1799; baseline -0.001 -8"><span class='ocrx_word' id='word_1_273' title='bbox 284 1760 432 1791; x_wconf 89' lang='lat' dir='ltr'>inserere</span> <span class='ocrx_word' id='word_1_274' title='bbox 457 1765 506 1791; x_wconf 90' lang='lat' dir='ltr'>est</span> <span class='ocrx_word' id='word_1_275' title='bbox 531 1771 644 1791; x_wconf 84' lang='lat' dir='ltr'>ausus.</span> <span class='ocrx_word' id='word_1_276' title='bbox 695 1761 737 1791; x_wconf 89' lang='lat' dir='ltr'>In</span> <span class='ocrx_word' id='word_1_277' title='bbox 763 1761 907 1791; x_wconf 85' lang='lat' dir='ltr'>tutando</span> <span class='ocrx_word' id='word_1_278' title='bbox 933 1760 1194 1799; x_wconf 81' lang='lat' dir='ltr'>extollendoque</span> <span class='ocrx_word' id='word_1_279' title='bbox 1224 1760 1331 1791; x_wconf 87' lang='lat' dir='ltr'>Balbo</span> <span class='ocrx_word' id='word_1_280' title='bbox 1358 1766 1390 1791; x_wconf 85' lang='lat' dir='ltr'>et</span> <span class='ocrx_word' id='word_1_281' title='bbox 1417 1761 1451 1790; x_wconf 92' lang='lat' dir='ltr'>in</span> <span class='ocrx_word' id='word_1_282' title='bbox 1478 1771 1529 1791; x_wconf 89' lang='lat' dir='ltr'>me</span> <span class='ocrx_word' id='word_1_283' title='bbox 1557 1760 1668 1798; x_wconf 89' lang='lat' dir='ltr'>depri-</span> 
     </span>
     <span class='ocr_line' id='line_1_34' title="bbox 286 1804 1669 1843; baseline -0.001 -8"><span class='ocrx_word' id='word_1_284' title='bbox 286 1805 409 1835; x_wconf 89' lang='lat' dir='ltr'>mendo</span> <span class='ocrx_word' id='word_1_285' title='bbox 438 1805 486 1835; x_wconf 89' lang='lat' dir='ltr'>ita</span> <span class='ocrx_word' id='word_1_286' title='bbox 514 1805 707 1843; x_wconf 83' lang='lat' dir='ltr'>legitimum</span> <span class='ocrx_word' id='word_1_287' title='bbox 735 1805 868 1836; x_wconf 82' lang='lat' dir='ltr'>excedit</span> <span class='ocrx_word' id='word_1_288' title='bbox 899 1805 1049 1841; x_wconf 81' lang='lat' dir='ltr'>modum,</span> <span class='ocrx_word' id='word_1_289' title='bbox 1082 1810 1119 1836; x_wconf 91' lang='lat' dir='ltr'>ut</span> <span class='ocrx_word' id='word_1_290' title='bbox 1150 1810 1182 1835; x_wconf 90' lang='lat' dir='ltr'>et</span> <span class='ocrx_word' id='word_1_291' title='bbox 1210 1805 1404 1836; x_wconf 82' lang='lat' dir='ltr'>extollendo</span> <span class='ocrx_word' id='word_1_292' title='bbox 1437 1804 1607 1843; x_wconf 89' lang='lat' dir='ltr'>deprimat</span> <span class='ocrx_word' id='word_1_293' title='bbox 1638 1811 1669 1834; x_wconf 90' lang='lat' dir='ltr'>et</span> 
     </span>
     <span class='ocr_line' id='line_1_35' title="bbox 279 1849 1668 1887; baseline -0.001 -8"><span class='ocrx_word' id='word_1_294' title='bbox 279 1849 508 1887; x_wconf 54' lang='lat' dir='ltr'>&lt;deprimendo</span> <span class='ocrx_word' id='word_1_295' title='bbox 531 1849 681 1883; x_wconf 84' lang='lat' dir='ltr'>extollat.</span> <span class='ocrx_word' id='word_1_296' title='bbox 705 1860 781 1880; x_wconf 91' lang='lat' dir='ltr'>cum</span> <span class='ocrx_word' id='word_1_297' title='bbox 805 1849 945 1880; x_wconf 91' lang='lat' dir='ltr'>omnino</span> <span class='ocrx_word' id='word_1_298' title='bbox 970 1849 1113 1880; x_wconf 86' lang='lat' dir='ltr'>celanda</span> <span class='ocrx_word' id='word_1_299' title='bbox 1138 1849 1180 1880; x_wconf 88' lang='lat' dir='ltr'>sit</span> <span class='ocrx_word' id='word_1_300' title='bbox 1204 1860 1270 1885; x_wconf 87' lang='lat' dir='ltr'>ars,</span> <span class='ocrx_word' id='word_1_301' title='bbox 1295 1860 1337 1879; x_wconf 91' lang='lat' dir='ltr'>ne</span> <span class='ocrx_word' id='word_1_302' title='bbox 1362 1849 1471 1880; x_wconf 90' lang='lat' dir='ltr'>nimia</span> <span class='ocrx_word' id='word_1_303' title='bbox 1495 1849 1546 1879; x_wconf 91' lang='lat' dir='ltr'>vel</span> <span class='ocrx_word' id='word_1_304' title='bbox 1571 1849 1668 1879; x_wconf 89' lang='lat' dir='ltr'>bene-</span> 
     </span>
     <span class='ocr_line' id='line_1_36' title="bbox 285 1892 1670 1932; baseline 0 -8"><span class='ocrx_word' id='word_1_305' title='bbox 285 1893 437 1924; x_wconf 88' lang='lat' dir='ltr'>volentia</span> <span class='ocrx_word' id='word_1_306' title='bbox 455 1893 507 1924; x_wconf 89' lang='lat' dir='ltr'>vel</span> <span class='ocrx_word' id='word_1_307' title='bbox 528 1893 769 1925; x_wconf 86' lang='lat' dir='ltr'>malevolentia</span> <span class='ocrx_word' id='word_1_308' title='bbox 787 1894 977 1932; x_wconf 86' lang='lat' dir='ltr'>detegatur.</span> <span class='ocrx_word' id='word_1_309' title='bbox 1020 1894 1149 1932; x_wconf 86' lang='lat' dir='ltr'>Scripsi</span> <span class='ocrx_word' id='word_1_310' title='bbox 1170 1904 1233 1932; x_wconf 87' lang='lat' dir='ltr'>ego</span> <span class='ocrx_word' id='word_1_311' title='bbox 1254 1894 1289 1924; x_wconf 86' lang='lat' dir='ltr'>in</span> <span class='ocrx_word' id='word_1_312' title='bbox 1310 1893 1468 1929; x_wconf 89' lang='lat' dir='ltr'>Balbum,</span> <span class='ocrx_word' id='word_1_313' title='bbox 1488 1898 1519 1924; x_wconf 90' lang='lat' dir='ltr'>et</span> <span class='ocrx_word' id='word_1_314' title='bbox 1539 1892 1670 1924; x_wconf 84' lang='lat' dir='ltr'>invitus</span> 
     </span>
     <span class='ocr_line' id='line_1_37' title="bbox 283 1936 1670 1977; baseline 0 -8"><span class='ocrx_word' id='word_1_315' title='bbox 283 1938 433 1976; x_wconf 87' lang='lat' dir='ltr'>quidem,</span> <span class='ocrx_word' id='word_1_316' title='bbox 455 1944 491 1969; x_wconf 92' lang='lat' dir='ltr'>ut</span> <span class='ocrx_word' id='word_1_317' title='bbox 509 1948 585 1969; x_wconf 91' lang='lat' dir='ltr'>eum</span> <span class='ocrx_word' id='word_1_318' title='bbox 605 1938 684 1969; x_wconf 89' lang='lat' dir='ltr'>stilo</span> <span class='ocrx_word' id='word_1_319' title='bbox 703 1937 902 1977; x_wconf 88' lang='lat' dir='ltr'>repellerem</span> <span class='ocrx_word' id='word_1_320' title='bbox 922 1938 979 1976; x_wconf 88' lang='lat' dir='ltr'>qui</span> <span class='ocrx_word' id='word_1_321' title='bbox 1002 1949 1053 1968; x_wconf 90' lang='lat' dir='ltr'>me</span> <span class='ocrx_word' id='word_1_322' title='bbox 1075 1938 1171 1976; x_wconf 90' lang='lat' dir='ltr'>prius</span> <span class='ocrx_word' id='word_1_323' title='bbox 1194 1938 1311 1977; x_wconf 88' lang='lat' dir='ltr'>gladio</span> <span class='ocrx_word' id='word_1_324' title='bbox 1330 1938 1495 1976; x_wconf 87' lang='lat' dir='ltr'>petierat;</span> <span class='ocrx_word' id='word_1_325' title='bbox 1519 1938 1545 1968; x_wconf 93' lang='lat' dir='ltr'>si</span> <span class='ocrx_word' id='word_1_326' title='bbox 1567 1936 1670 1976; x_wconf 85' lang='lat' dir='ltr'>culpa</span> 
     </span>
     <span class='ocr_line' id='line_1_38' title="bbox 286 1982 1669 2021; baseline -0.001 -8"><span class='ocrx_word' id='word_1_327' title='bbox 286 1983 355 2013; x_wconf 85' lang='lat' dir='ltr'>fuit</span> <span class='ocrx_word' id='word_1_328' title='bbox 379 1983 567 2021; x_wconf 86' lang='lat' dir='ltr'>scripsisse,</span> <span class='ocrx_word' id='word_1_329' title='bbox 592 1982 700 2014; x_wconf 90' lang='lat' dir='ltr'>multo</span> <span class='ocrx_word' id='word_1_330' title='bbox 724 1982 835 2013; x_wconf 90' lang='lat' dir='ltr'>maior</span> <span class='ocrx_word' id='word_1_331' title='bbox 863 1982 932 2013; x_wconf 87' lang='lat' dir='ltr'>fuit</span> <span class='ocrx_word' id='word_1_332' title='bbox 963 1982 1019 2021; x_wconf 89' lang='lat' dir='ltr'>(ut</span> <span class='ocrx_word' id='word_1_333' title='bbox 1045 1982 1252 2020; x_wconf 89' lang='lat' dir='ltr'>Hieronymi</span> <span class='ocrx_word' id='word_1_334' title='bbox 1281 1982 1393 2013; x_wconf 89' lang='lat' dir='ltr'>verbis</span> <span class='ocrx_word' id='word_1_335' title='bbox 1422 1983 1517 2021; x_wconf 89' lang='lat' dir='ltr'>utar)</span> <span class='ocrx_word' id='word_1_336' title='bbox 1547 1992 1669 2021; x_wconf 87' lang='lat' dir='ltr'>provo-</span> 
     </span>
     <span class='ocr_line' id='line_1_39' title="bbox 284 2026 1670 2066; baseline -0.001 -8"><span class='ocrx_word' id='word_1_337' title='bbox 284 2037 389 2058; x_wconf 89' lang='lat' dir='ltr'>casse.</span> <span class='ocrx_word' id='word_1_338' title='bbox 438 2027 503 2058; x_wconf 89' lang='lat' dir='ltr'>Sed</span> <span class='ocrx_word' id='word_1_339' title='bbox 531 2027 589 2065; x_wconf 90' lang='lat' dir='ltr'>qui</span> <span class='ocrx_word' id='word_1_340' title='bbox 615 2027 756 2058; x_wconf 87' lang='lat' dir='ltr'>defendi</span> <span class='ocrx_word' id='word_1_341' title='bbox 785 2032 896 2066; x_wconf 87' lang='lat' dir='ltr'>potest</span> <span class='ocrx_word' id='word_1_342' title='bbox 922 2038 1022 2065; x_wconf 91' lang='lat' dir='ltr'>quem</span> <span class='ocrx_word' id='word_1_343' title='bbox 1048 2026 1100 2057; x_wconf 88' lang='lat' dir='ltr'>vel</span> <span class='ocrx_word' id='word_1_344' title='bbox 1130 2027 1202 2058; x_wconf 88' lang='lat' dir='ltr'>sola</span> <span class='ocrx_word' id='word_1_345' title='bbox 1231 2027 1318 2065; x_wconf 83' lang='lat' dir='ltr'>fuga</span> <span class='ocrx_word' id='word_1_346' title='bbox 1344 2026 1573 2058; x_wconf 90' lang='lat' dir='ltr'>condemnat?</span> <span class='ocrx_word' id='word_1_347' title='bbox 1624 2026 1670 2058; x_wconf 89' lang='lat' dir='ltr'>Di</span> 
     </span>
     <span class='ocr_line' id='line_1_40' title="bbox 285 2071 1670 2110; baseline -0.001 -8"><span class='ocrx_word' id='word_1_348' title='bbox 285 2071 378 2106; x_wconf 90' lang='lat' dir='ltr'>boni,</span> <span class='ocrx_word' id='word_1_349' title='bbox 403 2076 549 2110; x_wconf 89' lang='lat' dir='ltr'>quantas</span> <span class='ocrx_word' id='word_1_350' title='bbox 574 2082 686 2110; x_wconf 86' lang='lat' dir='ltr'>nugas</span> <span class='ocrx_word' id='word_1_351' title='bbox 711 2071 825 2102; x_wconf 85' lang='lat' dir='ltr'>effutit</span> <span class='ocrx_word' id='word_1_352' title='bbox 851 2071 1049 2110; x_wconf 87' lang='lat' dir='ltr'>incognitus</span> <span class='ocrx_word' id='word_1_353' title='bbox 1074 2072 1137 2102; x_wconf 89' lang='lat' dir='ltr'>iste</span> <span class='ocrx_word' id='word_1_354' title='bbox 1166 2081 1367 2109; x_wconf 87' lang='lat' dir='ltr'>anonymus.</span> <span class='ocrx_word' id='word_1_355' title='bbox 1421 2071 1555 2102; x_wconf 89' lang='lat' dir='ltr'>Nititur</span> <span class='ocrx_word' id='word_1_356' title='bbox 1581 2071 1670 2102; x_wconf 90' lang='lat' dir='ltr'>enim</span> 
     </span>
     <span class='ocr_line' id='line_1_41' title="bbox 285 2114 1670 2154; baseline -0.001 -8"><span class='ocrx_word' id='word_1_357' title='bbox 285 2115 486 2154; x_wconf 87' lang='lat' dir='ltr'>ampullatis</span> <span class='ocrx_word' id='word_1_358' title='bbox 519 2115 881 2154; x_wconf 86' lang='lat' dir='ltr'>sesquipedalibusque</span> <span class='ocrx_word' id='word_1_359' title='bbox 914 2115 1027 2146; x_wconf 87' lang='lat' dir='ltr'>verbis</span> <span class='ocrx_word' id='word_1_360' title='bbox 1058 2115 1264 2154; x_wconf 88' lang='lat' dir='ltr'>persuadere</span> <span class='ocrx_word' id='word_1_361' title='bbox 1296 2115 1387 2154; x_wconf 90' lang='lat' dir='ltr'>quod</span> <span class='ocrx_word' id='word_1_362' title='bbox 1416 2126 1509 2146; x_wconf 85' lang='lat' dir='ltr'>eram</span> <span class='ocrx_word' id='word_1_363' title='bbox 1543 2114 1670 2146; x_wconf 88' lang='lat' dir='ltr'>scilicet</span> 
     </span>
     <span class='ocr_line' id='line_1_42' title="bbox 286 2159 1670 2199; baseline -0.001 -8"><span class='ocrx_word' id='word_1_364' title='bbox 286 2160 468 2199; x_wconf 87' lang='lat' dir='ltr'>Calpurnii</span> <span class='ocrx_word' id='word_1_365' title='bbox 493 2165 611 2199; x_wconf 89' lang='lat' dir='ltr'>poetae</span> <span class='ocrx_word' id='word_1_366' title='bbox 634 2159 791 2191; x_wconf 89' lang='lat' dir='ltr'>bucolica</span> <span class='ocrx_word' id='word_1_367' title='bbox 814 2164 846 2191; x_wconf 88' lang='lat' dir='ltr'>et</span> <span class='ocrx_word' id='word_1_368' title='bbox 867 2160 1082 2198; x_wconf 81' lang='lat' dir='ltr'>isagogicum</span> <span class='ocrx_word' id='word_1_369' title='bbox 1107 2160 1296 2198; x_wconf 88' lang='lat' dir='ltr'>Augustini</span> <span class='ocrx_word' id='word_1_370' title='bbox 1323 2160 1405 2191; x_wconf 87' lang='lat' dir='ltr'>Dati</span> <span class='ocrx_word' id='word_1_371' title='bbox 1428 2159 1583 2190; x_wconf 88' lang='lat' dir='ltr'>libellum</span> <span class='ocrx_word' id='word_1_372' title='bbox 1609 2159 1670 2190; x_wconf 91' lang='lat' dir='ltr'>sub</span> 
     </span>
     <span class='ocr_line' id='line_1_43' title="bbox 286 2203 1671 2243; baseline -0.001 -8"><span class='ocrx_word' id='word_1_373' title='bbox 286 2205 423 2235; x_wconf 89' lang='lat' dir='ltr'>nomine</span> <span class='ocrx_word' id='word_1_374' title='bbox 445 2215 519 2235; x_wconf 90' lang='lat' dir='ltr'>meo</span> <span class='ocrx_word' id='word_1_375' title='bbox 541 2205 708 2241; x_wconf 80' lang='lat' dir='ltr'>editurus,</span> <span class='ocrx_word' id='word_1_376' title='bbox 732 2204 799 2235; x_wconf 90' lang='lat' dir='ltr'>nisi</span> <span class='ocrx_word' id='word_1_377' title='bbox 826 2204 1006 2236; x_wconf 85' lang='lat' dir='ltr'>Cornelius</span> <span class='ocrx_word' id='word_1_378' title='bbox 1029 2204 1177 2235; x_wconf 90' lang='lat' dir='ltr'>Vitellus</span> <span class='ocrx_word' id='word_1_379' title='bbox 1203 2203 1374 2235; x_wconf 86' lang='lat' dir='ltr'>occultum</span> <span class='ocrx_word' id='word_1_380' title='bbox 1399 2204 1531 2235; x_wconf 88' lang='lat' dir='ltr'>furtum</span> <span class='ocrx_word' id='word_1_381' title='bbox 1555 2203 1671 2243; x_wconf 88' lang='lat' dir='ltr'>prodi-</span> 
     </span>
     <span class='ocr_line' id='line_1_44' title="bbox 289 2247 1672 2287; baseline -0.001 -8"><span class='ocrx_word' id='word_1_382' title='bbox 289 2249 404 2280; x_wconf 90' lang='lat' dir='ltr'>disset.</span> <span class='ocrx_word' id='word_1_383' title='bbox 451 2249 558 2287; x_wconf 89' lang='lat' dir='ltr'>Quasi</span> <span class='ocrx_word' id='word_1_384' title='bbox 582 2249 800 2280; x_wconf 89' lang='lat' dir='ltr'>concurrenti</span> <span class='ocrx_word' id='word_1_385' title='bbox 823 2253 855 2279; x_wconf 89' lang='lat' dir='ltr'>et</span> <span class='ocrx_word' id='word_1_386' title='bbox 877 2249 1017 2279; x_wconf 91' lang='lat' dir='ltr'>inimico</span> <span class='ocrx_word' id='word_1_387' title='bbox 1040 2259 1114 2279; x_wconf 92' lang='lat' dir='ltr'>meo</span> <span class='ocrx_word' id='word_1_388' title='bbox 1141 2248 1336 2279; x_wconf 87' lang='lat' dir='ltr'>adhibenda</span> <span class='ocrx_word' id='word_1_389' title='bbox 1361 2249 1404 2279; x_wconf 92' lang='lat' dir='ltr'>sit</span> <span class='ocrx_word' id='word_1_390' title='bbox 1430 2248 1534 2279; x_wconf 77' lang='lat' dir='ltr'>fides!</span> <span class='ocrx_word' id='word_1_391' title='bbox 1583 2247 1672 2287; x_wconf 88' lang='lat' dir='ltr'>Quo-</span> 
     </span>
     <span class='ocr_line' id='line_1_45' title="bbox 289 2292 1673 2332; baseline -0.001 -8"><span class='ocrx_word' id='word_1_392' title='bbox 289 2304 369 2324; x_wconf 92' lang='lat' dir='ltr'>nam</span> <span class='ocrx_word' id='word_1_393' title='bbox 393 2298 494 2331; x_wconf 89' lang='lat' dir='ltr'>pacto</span> <span class='ocrx_word' id='word_1_394' title='bbox 515 2294 702 2332; x_wconf 88' lang='lat' dir='ltr'>potuissem</span> <span class='ocrx_word' id='word_1_395' title='bbox 724 2304 788 2332; x_wconf 87' lang='lat' dir='ltr'>ego</span> <span class='ocrx_word' id='word_1_396' title='bbox 812 2293 865 2324; x_wconf 88' lang='lat' dir='ltr'>vel</span> <span class='ocrx_word' id='word_1_397' title='bbox 890 2293 1118 2331; x_wconf 88' lang='lat' dir='ltr'>Calpurnium</span> <span class='ocrx_word' id='word_1_398' title='bbox 1143 2292 1196 2324; x_wconf 89' lang='lat' dir='ltr'>vel</span> <span class='ocrx_word' id='word_1_399' title='bbox 1221 2293 1350 2324; x_wconf 86' lang='lat' dir='ltr'>Datum</span> <span class='ocrx_word' id='word_1_400' title='bbox 1372 2293 1457 2323; x_wconf 90' lang='lat' dir='ltr'>mihi</span> <span class='ocrx_word' id='word_1_401' title='bbox 1482 2293 1548 2331; x_wconf 86' lang='lat' dir='ltr'>ipsi</span> <span class='ocrx_word' id='word_1_402' title='bbox 1572 2292 1673 2323; x_wconf 61' lang='lat' dir='ltr'>ascri&lt;</span> 
     </span>
     <span class='ocr_line' id='line_1_46' title="bbox 288 2337 1673 2376; baseline -0.001 -8"><span class='ocrx_word' id='word_1_403' title='bbox 288 2337 378 2373; x_wconf 88' lang='lat' dir='ltr'>bere,</span> <span class='ocrx_word' id='word_1_404' title='bbox 395 2348 472 2368; x_wconf 92' lang='lat' dir='ltr'>cum</span> <span class='ocrx_word' id='word_1_405' title='bbox 492 2338 560 2368; x_wconf 89' lang='lat' dir='ltr'>iam</span> <span class='ocrx_word' id='word_1_406' title='bbox 579 2338 639 2369; x_wconf 91' lang='lat' dir='ltr'>diu</span> <span class='ocrx_word' id='word_1_407' title='bbox 659 2337 818 2376; x_wconf 87' lang='lat' dir='ltr'>impressi</span> <span class='ocrx_word' id='word_1_408' title='bbox 837 2337 1076 2376; x_wconf 87' lang='lat' dir='ltr'>divulgatique</span> <span class='ocrx_word' id='word_1_409' title='bbox 1095 2337 1311 2368; x_wconf 88' lang='lat' dir='ltr'>habeantur?</span> <span class='ocrx_word' id='word_1_410' title='bbox 1355 2337 1462 2368; x_wconf 88' lang='lat' dir='ltr'>Sicuti</span> <span class='ocrx_word' id='word_1_411' title='bbox 1482 2337 1557 2373; x_wconf 90' lang='lat' dir='ltr'>hoc,</span> <span class='ocrx_word' id='word_1_412' title='bbox 1576 2337 1625 2367; x_wconf 91' lang='lat' dir='ltr'>ita</span> <span class='ocrx_word' id='word_1_413' title='bbox 1642 2342 1673 2367; x_wconf 87' lang='lat' dir='ltr'>et</span> 
     </span>
    </p>
   </div>
   <div class='ocr_carea' id='block_1_7' title="bbox 767 2437 1202 2476">
    <p class='ocr_par' dir='ltr' id='par_1_9' title="bbox 767 2437 1202 2476">
     <span class='ocr_line' id='line_1_47' title="bbox 767 2437 1202 2476; baseline 0 -8"><span class='ocrx_word' id='word_1_414' title='bbox 767 2438 786 2460; x_wconf 90' lang='lat'><em>*</em></span> <span class='ocrx_word' id='word_1_415' title='bbox 800 2437 927 2476; x_wconf 86' lang='lat' dir='ltr'>Virgil,</span> <span class='ocrx_word' id='word_1_416' title='bbox 951 2437 1051 2469; x_wconf 87' lang='lat' dir='ltr'>Geor.</span> <span class='ocrx_word' id='word_1_417' title='bbox 1074 2437 1110 2468; x_wconf 92' lang='lat' dir='ltr'>ii.</span> <span class='ocrx_word' id='word_1_418' title='bbox 1129 2437 1202 2476; x_wconf 92' lang='lat'>478.</span> 
     </span>
    </p>
   </div>
  </div>
 </body>
</html>
