1840 2731
838 106 1084 139 BUCOLICA

278 218 373 256 Non
400 219 562 267 prodest
591 219 709 256 luxus
738 230 810 256 nec
839 225 922 255 tarn
950 218 1143 255 scelerata
1170 217 1356 265 voluptas

277 274 365 313 Nec
386 275 522 312 Venus
545 281 614 311 aut
636 274 803 312 Veneris
827 274 1014 322 petulans
1036 273 1187 310 ancilla
1211 272 1366 309 Libido.

278 330 543 368 Praemollem
563 330 683 366 luxus
705 329 801 378 quid
825 330 924 366 iuvit
949 328 1316 376 Sardanapallum?

274 386 436 435 Quique
462 385 556 423 tulit
580 392 775 422 maestum
801 385 897 434 quid
926 384 1080 433 profuit
1109 385 1179 421 ille
1209 383 1389 421 Neroni?

278 441 484 488 Quidnam
503 441 693 478 nobilitas
712 440 813 477 duro
834 452 925 477 curn
945 440 1087 477 robore
1108 440 1269 476 iuncta?

276 497 427 535 Omnes
453 497 659 535 Herculeo
684 504 871 545 superata
894 496 1019 533 fuisse
1044 496 1181 533 labore

278 553 458 590 Plurima
479 560 659 590 monstra
681 552 843 599 ferunt;
869 564 962 589 nam
985 553 1126 600 pressit
1150 550 1245 588 flore
1268 551 1472 590 dracones,

279 608 393 646 Dura
418 608 725 646 Molorchaeum
749 609 982 656 compressit
1007 608 1122 644 clava
1146 607 1312 645 leonem.

277 664 485 712 Compulit
510 663 735 712 aeripedem
761 675 919 701 cervam
942 663 1148 700 molimine
1173 663 1285 700 duro.

277 720 578 769 Stymphalidas
600 721 696 756 vicit
718 719 910 756 volucres
935 726 1136 756 extractus
1157 719 1206 755 ab
1230 718 1301 754 illo

278 776 474 814 Cerberus
503 775 667 813 effertur
695 775 908 812 metuenda
936 787 984 811 ex
1012 774 1103 811 sede
1133 774 1332 811 Barathri.

277 832 349 868 Vis
377 831 720 880 Erymanthaeum
746 831 993 879 praecellens
1022 830 1204 867 contudit
1233 841 1386 878 aprum,

277 888 422 935 Raptis
449 886 696 935 percelebres
722 887 870 923 devicit
896 887 1123 923 Amazonas
1149 887 1280 931 armis,

276 943 440 992 Augeae
463 949 619 980 constat
642 942 810 979 stabulis
835 943 1015 990 impensa
1039 941 1233 986 laborum,

279 998 506 1047 Expulsum
522 1010 668 1047 magno
688 998 843 1035 domuit
862 997 1080 1034 luctamine
1099 1004 1269 1034 taurum.

276 1054 379 1092 Sunt
407 1054 614 1092 Diomedis
640 1054 731 1102 equi
755 1065 872 1091 saevo
898 1065 989 1090 curn
1013 1065 1106 1101 rege
1131 1054 1338 1100 perempti.

280 1110 476 1158 Geryonis
503 1111 606 1147 caesi
632 1116 767 1158 portat
793 1110 961 1146 victoria
987 1108 1176 1157 palmam.

279 1165 554 1214 Hesperidum
576 1166 682 1202 victo
709 1165 802 1202 tulit
827 1177 947 1202 aurea
969 1164 1077 1201 mala
1103 1164 1286 1201 dracone.

278 1221 390 1268 Quid
411 1221 596 1258 colubros
616 1220 792 1258 referam
813 1220 1010 1257 Lernaeos
1033 1221 1124 1268 igne
1145 1220 1332 1256 necatos?

279 1277 661 1325 Amphitryoniades
684 1277 887 1324 superavit
910 1288 1057 1324 magna
1081 1275 1218 1312 labore

281 1333 466 1370 Monstra
479 1345 489 1380 3
514 1332 582 1370 sed
603 1332 711 1369 haud
734 1332 850 1369 clava
870 1331 1070 1380 praedura
1092 1331 1172 1368 tale
1195 1331 1350 1379 subegit

279 1388 411 1436 Quale
432 1400 502 1436 per
525 1388 597 1425 has
618 1399 747 1436 nuper
767 1389 898 1424 visum
920 1394 978 1424 est
1000 1387 1221 1423 discurrere
1246 1394 1370 1423 terras

282 1444 512 1482 Monstrum
536 1443 755 1482 terrificum
769 1456 778 1490 3
811 1443 923 1480 Mors
949 1443 1093 1479 ultima
1119 1443 1227 1479 linea
1253 1454 1395 1479 rerum.

282 1500 398 1537 Haec
417 1501 523 1548 rapit
544 1512 592 1537 ex
611 1499 763 1536 mundo
783 1498 978 1548 quidquid
1003 1498 1163 1535 Natura
1184 1498 1344 1534 creavit.

282 1555 317 1593 O
344 1555 458 1593 Mors
478 1556 659 1593 horrenti
680 1555 807 1592 multo
834 1554 1034 1592 crudelior
1057 1566 1160 1591 ursa.

283 1612 450 1649 Parcere
474 1623 576 1660 quae
599 1622 819 1660 numquam
842 1611 949 1647 nosti
973 1611 1132 1647 virtutis
1159 1609 1342 1646 alumnis.

874 1743 1068 1780 Francus.

336 1834 450 1880 Siste,
476 1833 609 1872 velim.
635 1833 821 1870 lacrimas
847 1832 1046 1881 finemque
1071 1834 1232 1880 impone
1256 1832 1398 1869 dolori.

283 1890 379 1928 Non
398 1891 529 1927 minus
550 1889 714 1927 indubie
735 1890 860 1926 tristis
880 1900 968 1926 mea
989 1895 1152 1936 pectora
1171 1899 1327 1925 maeror

284 1946 443 1995 Exegit,
466 1957 605 1983 verum
626 1945 794 1982 discussi
818 1945 992 1981 carmine
1015 1944 1158 1980 luctus.

285 2002 420 2048 Quare
441 2013 515 2050 age
535 2002 638 2048 siste,
660 2012 812 2049 precor,
835 1999 949 2037 fletus
969 2011 1228 2048 sermoneque
1247 1998 1400 2046 deduc;

284 2057 394 2094 Nam
413 2069 543 2095 sermo
563 2058 684 2095 comis
704 2056 873 2105 depellit
896 2055 1014 2094 corde
1035 2055 1192 2093 dolores

268 2114 343 2150 .Ac
370 2114 502 2162 gravis
528 2113 709 2150 anxietas
735 2113 892 2150 alterna
916 2123 1014 2149 voce
1039 2112 1206 2149 levatur.

866 2243 1023 2281 Nivern
1030 2256 1084 2280 us.

342 2334 447 2373 Cum
467 2341 626 2384 satagas
647 2334 774 2372 nostri
795 2334 927 2371 luctus
948 2333 1184 2382 dignoscere
1205 2344 1354 2377 causas

290 2391 499 2439 Incipiam,
522 2401 569 2427 ac
589 2391 718 2438 primo
741 2390 928 2437 planctus
951 2388 1118 2426 ducetur
1140 2388 1190 2426 ab
1213 2400 1299 2425 ovo.

290 2446 450 2484 Interea
471 2445 620 2494 lapidis
643 2445 784 2483 sortire
807 2444 950 2482 sedilia
972 2456 1138 2481 mecum.

1583 107 1654 144 103

1587 440 1660 473 110

1589 997 1662 1032 120

1592 1552 1666 1591 130

1599 2443 1672 2478 140
